2950 4775
310 426 330 490 4
371 366 375 372 ¹
499 447 508 464 ·
706 419 938 490 GERMANIA

311 614 399 680 gusto
421 615 452 661 et
475 601 564 664 brevi
589 602 682 680 ferro,
711 599 765 664 sed
788 602 830 664 ita
853 600 917 662 acri
936 609 971 661 ¹et
994 594 1033 659 ad
1057 618 1149 658 tasum
1172 597 1278 676 habili,
1301 610 1335 659 ut

312 713 421 777 eodem
443 716 521 795 telo,
542 728 638 796 prout
662 715 744 778 ratio
766 716 885 796 poscit,
904 714 956 777 uel
980 711 1121 774 cominus
1143 713 1193 774 vel
1215 711 1335 772 eminus
1393 722 1395 724 ’

311 846 458 911 pugnent.
501 831 541 893 Et
569 851 665 913 eques
695 830 821 914 quidem
852 842 939 891 scuto
967 829 1147 908 frameaque
1172 838 1335 887 contentus

212 1002 226 1023 ,
313 960 373 1023 est;
400 945 516 1028 pedites
540 958 570 1006 et
592 945 719 1006 missilia
741 955 904 1025 spargunt,
926 943 1019 1022 plura
1038 941 1167 1028 gpguli,
1189 951 1280 1021 atque
1301 940 1336 999 in

313 1064 499 1125 immensum
523 1064 648 1124 vibrant
668 1058 746 1121 nudi
770 1050 824 1119 aut
845 1060 953 1137 sagulo
975 1059 1072 1119 leves.
1119 1055 1215 1117 Nulla
1236 1057 1337 1117 cultus

312 1181 454 1255 jactatio,
484 1190 569 1240 scuta
600 1189 719 1238 tantum
743 1174 915 1238 lectissimis
944 1172 1103 1233 coloribus
1126 1169 1336 1249 distinguunt3

313 1294 420 1375 paucis
443 1293 576 1368 loricae,
609 1291 665 1353 vix
687 1289 743 1349 um
765 1289 893 1351 alterive
916 1287 1011 1348 cassis
1037 1287 1210 1365 aut‘galea.
1254 1285 1337 1367 Equi

315 1431 380 1471 non
410 1410 510 1471 forma
519 1453 527 1487 ,
558 1427 621 1468 non
653 1406 815 1469 velocitate
845 1402 1022 1485 conspicui3
1055 1399 1109 1464 sed
1137 1424 1194 1462 nec
1215 1405 1337 1464 variare

315 1543 408 1605 gyros
429 1522 464 1582 in
485 1542 606 1583 morem
632 1532 776 1581 nostrum
798 1517 968 1582 docentur:
999 1517 1032 1577 in
1053 1529 1172 1578 rectum
1197 1529 1251 1577 aut
1272 1536 1336 1578 uno

315 1634 402 1695 flexu
424 1633 551 1697 dextros
576 1646 672 1713 agunt
700 1633 744 1694 ita
772 1632 940 1694 coniuncto
963 1633 1040 1693 orbe
1060 1642 1096 1692 ut
1118 1652 1211 1693 nemo
1233 1642 1338 1711 poste-

278 1758 283 1766 '
315 1751 382 1812 rior
405 1749 454 1811 sit.
497 1750 533 1808 ln
563 1748 750 1811 universum
778 1744 953 1807 aestimanti
979 1746 1050 1825 plus
1077 1765 1174 1825 penes
1202 1743 1339 1826 peditem

315 1862 457 1940 roboris3
483 1879 585 1944 eoque
606 1861 698 1923 mixti
720 1863 917 1941 proeliantur
941 1871 1013 1939 apta
1035 1871 1065 1921 et
1086 1872 1276 1939 congruente
1298 1858 1339 1922 ad

318 1989 491 2059 equestrem
520 1973 848 2056 pugnamvelocitate
880 1971 1037 2054 peditum,
1067 1992 1147 2055 quos
1163 1952 1165 1958 ,
1180 1994 1222 2034 ex
1253 1972 1339 2035 omni

316 2094 477 2167 juventute
501 2087 637 2150 delectos
663 2100 738 2147 ante
767 2084 865 2147 aciem
888 2087 1001 2146 locant.
1043 2085 1203 2148 Definitur
1225 2098 1256 2149 et
1276 2109 1338 2147 nu-

317 2223 440 2264 merus:
463 2204 585 2264 centeni
608 2222 649 2264 ex
670 2200 800 2281 singulis
819 2203 905 2282 pagis
927 2213 999 2262 sunt
1018 2199 1114 2284 idque
1134 2204 1237 2283 ipsum
1256 2205 1339 2266 inter

319 2338 392 2380 suos
414 2330 584 2398 vocantur3
617 2330 648 2379 et
678 2317 766 2400 quod
789 2320 891 2399 primo
922 2337 1071 2378 numerus
1093 2318 1169 2397 fuit,
1195 2325 1257 2397 jam
1280 2341 1339 2382 no-

320 2454 392 2494 men
417 2446 446 2494 et
469 2435 575 2494 honor
596 2443 652 2494 est.
705 2431 797 2493 Acies
822 2452 880 2511 per
901 2451 1016 2492 cuneos
1040 2434 1248 2513 componitur.
1290 2454 1340 2497 ce·

321 2547 395 2610 dere
416 2549 495 2625 loco,
518 2544 689 2609 dummodo
711 2567 821 2609 rursus
844 2546 950 2621 instes,
973 2546 1095 2622 consilii
1115 2568 1209 2629 quam
1230 2549 1339 2609 formi-

320 2660 401 2723 dinis
433 2659 634 2723 arbitrantur.
697 2658 840 2740 Corpora
878 2680 1009 2722 suorum
1044 2659 1137 2722 etiam
1170 2661 1205 2722 in
1237 2660 1340 2725 dubiis

319 2778 446 2861 proeliis
474 2778 628 2839 referunt.
671 2774 800 2838 Scutum
831 2775 993 2858 reliquisse
1021 2779 1226 2858 praecipuum
1253 2777 1341 2860 flagi·

320 2896 415 2971 tium3
439 2903 572 2953 necant
596 2891 690 2951 sacris
714 2890 821 2952 adesse
844 2902 898 2950 aut
919 2890 1086 2952 concilium
1106 2891 1187 2953 inire
1207 2893 1341 2972 ignorni·

322 3008 412 3069 nioso
440 3007 504 3082 fas,
536 3005 690 3088 multique
719 3007 899 3088 superstites
929 3008 1085 3068 bellorum
1107 3008 1268 3070 infamiam
1295 3012 1340 3072 la·

323 3141 403 3204 queo
427 3119 587 3182 finierunt.

291 3252 309 3300 ¹1
405 3233 504 3314 Reges
525 3254 564 3294 ex
587 3234 759 3313 nobilitate,
782 3233 876 3296 duces
898 3255 939 3295 ex
960 3234 1076 3297 virtute
1097 3219 1233 3299 sumunt.
1274 3238 1341 3302 Nec

250 3353 253 3358 ’
321 3351 447 3428 regibus
476 3350 597 3412 infinita
627 3363 681 3412 aut
708 3352 808 3412 libera
836 3364 990 3432 potestas,
1020 3365 1051 3414 et
1080 3352 1174 3417 duces
1197 3359 1341 3437 exemplo

230 3492 232 3497 v
321 3464 545 3546 potiusquam
566 3465 718 3546 imperio,
745 3467 772 3527 si
792 3468 930 3549 prompti
937 3512 946 3545 ,
976 3470 1002 3529 si
1024 3471 1200 3550 conspicui,
1222 3473 1250 3534 si
1270 3469 1341 3535 ante

323 3578 419 3640 aciem
454 3594 562 3660 agant,
604 3581 809 3647 admiratione
840 3595 1001 3665 praesunt.
1056 3582 1204 3646 Ceterum
1239 3607 1342 3669 neque

324 3691 571 3757 animadvertere
593 3716 696 3778 neque
718 3697 852 3776 vincire,
874 3719 914 3757 ne
934 3698 1103 3760 verberare
1125 3697 1261 3779 quidem,
1282 3699 1344 3761 nisi

324 3804 537 3869 sacerdotibus
559 3811 763 3889 permissum:
786 3831 853 3872 non
875 3809 965 3892 quasi
985 3808 1019 3870 in
1040 3831 1185 3890 poenam,
1209 3832 1266 3872 nec
1285 3809 1343 3872 dn·

324 3922 367 3983 cis
389 3927 494 4000 jussu,
527 3922 583 3984 sed
611 3925 695 3987 velut
724 3922 784 3985 deo
808 3923 998 4004 imperante,
1027 3943 1122 4004 quem
1147 3921 1253 3985 adesse
1275 3925 1343 3985 bel·

323 4035 461 4097 lantibus
484 4035 632 4117 creduut3
663 4036 844 4117 effigiesque
870 4048 901 4095 et
923 4036 1010 4114 signa
1031 4034 1184 4117 quaedam
1206 4026 1343 4098 detracta

322 4151 401 4212 lucis
422 4151 456 4210 in
478 4151 632 4230 proelium
654 4152 770 4211 ierunt.
812 4147 971 4232 Quodque
993 4150 1196 4231 praecipuum
1217 4152 1343 4214 fortitu·
1425 4144 1429 4150 ’
