2950 4775
480 377 544 450 ttx
566 375 821 448 tnttthtsstts
1115 375 1160 444 tt

133 558 275 628 0le
288 556 446 623 TIBERII
461 550 660 618 CAESARIS
676 551 732 618 Es
744 548 1008 617 MoNlttlttth
1021 548 1160 613 MARTI

132 677 190 741 ET
215 673 311 741 tovt
338 674 394 736 ET
419 668 622 736 AUGUSTO
651 667 917 733 SACRAVISSE.
964 667 1003 732 de
1024 687 1059 730 aa
1080 665 1161 728 nihil

135 788 266 866 addidit,
286 800 372 850 metu
393 783 543 863 invidiae,
565 805 608 847 an
626 795 713 847 ratus
736 783 957 846 conscientiam
975 782 1064 845 factis
1085 782 1161 846 eatis

133 907 228 968 csse.'
256 904 339 965 Mox
359 902 478 964 bellum
498 899 534 961 in
555 899 760 982 Angrivarios
781 898 931 964 Stertinio
950 896 1096 976 mandat,
1125 897 1161 959 ni

133 1018 328 1084 deditionem
345 1018 608 1100 properavissent.
650 1029 745 1101 atque
763 1016 811 1078 itti
830 1015 985 1099 supplicas
1006 1011 1086 1074 nihil
1102 1011 1159 1074 ab·
1203 1001 1209 1014 ⁸

132 1133 262 1195 nuendo
282 1105 408 1197 veniam
428 1131 570 1195 omnium
593 1149 752 1212 accepere.
774 1169 777 1178 ·
798 1175 800 1180 .

217 1245 283 1310 Sed
304 1258 419 1310 testate
444 1249 509 1326 j'am
537 1244 644 1309 adulta
664 1245 824 1328 legionum
848 1246 927 1308 aliae
953 1241 1081 1307 itinere
1095 1256 1159 1305 ter·
1172 1257 1243 1322 ωδ

128 1360 228 1425 necui
246 1361 281 1423 in
301 1361 509 1424 hibernacula
528 1359 696 1439 remissae,
725 1360 834 1442 plures
864 1379 970 1421 caesar
990 1356 1158 1421 classitim·
1178 1385 1180 1389 ·

127 1480 258 1563 positas
270 1479 469 1563 per'flumen
495 1478 649 1541 Amisiam·
669 1497 787 1541 oceano
812 1477 942 1541 invexit.
983 1476 1029 1539 Ac
1050 1473 1157 1558 primo

126 1593 293 1678 placidum
317 1613 439 1676 aequor
460 1591 545 1655 mill'e
567 1591 699 1657 navium
721 1589 824 1680 remis*
844 1603 984 1672 strepere
1006 1601 1061 1652 aut
1079 1590 1158 1652 velis

130 1708 272 1791 impellit
300 1727 387 1770 mox*
404 1711 475 1769 a'tro
502 1703 637 1769 nubium
657 1708 754 1787 globo
774 1706 873 1769 effusa
898 1704 1036 1787 grando,
1064 1704 1159 1769 simul

131 1823 228 1887 variis
253 1819 395 1903 undique
422 1820 569 1901 procellis
597 1817 711 1881 incerti
731 1818 846 1883 fluctus
866 1832 1067 1903 prospectum
1091 1817 1158 1882 adi·

131 1959 230 2017 mere,
250 1939 388 2018 regimen
403 1933 566 2017 impedire,
586 1935 738 2020 milesque
754 1933 889 2017 pavidus
901 1948 931 1998 et
943 1951 1072 1999 casuum
1089 1955 1157 1995 ma·

131 2051 179 2115 ris
203 2052 347 2132 ignarus,
379 2049 453 2113 dum
479 2053 587 2114 turbat
613 2063 726 2115 nautas
754 2054 805 2116 vel
824 2051 1042 2133 intempestive
1062 2054 1158 2128 juvat,

133 2165 239 2230 officia
259 2163 462 2246 prudentium
484 2168 717 2248 corrumpebat.
760 2162 863 2231 Omne
893 2162 1005 2228 dehinc
1033 2166 1157 2227 coelum

132 2291 165 2341 et
184 2298 272 2341 mare
294 2297 387 2339 omne
406 2277 442 2339 in
462 2290 604 2341 aucta-mn
626 2280 725 2357 cessit,
748 2279 804 2363 qni
824 2278 952 2344 tumidis
969 2279 1156 2342 Germaniae
1204 2335 1207 2342 ,

130 2398 241 2476 tetris,
267 2394 435 2478 profundis
455 2399 602 2460 amnibus
622 2395 777 2460 immenso
798 2398 932 2461 nubium
952 2409 1056 2461 tractu
1076 2396 1157 2460 vali·

107 2510 191 2574 ‘dus
222 2524 253 2573 et
279 2510 384 2591 rigore
409 2510 505 2574 vicini
526 2509 748 2593 septentrionis
770 2509 933 2591 horridior
958 2510 1067 2594 rapuit
1094 2507 1158 2573 dis·

130 2624 264 2707 jecitque
293 2642 389 2686 nares
418 2621 453 2684 in
479 2636 589 2705 aperta
619 2625 729 2687 oceani
752 2634 817 2691 'aut
843 2627 962 2711 insulas
990 2627 1075 2690 saxis
1101 2628 1157 2688 ab·

130 2741 233 2821 ruptis
259 2740 323 2802 vel'
338 2758 399 2820 per
428 2741 551 2801 occuito
577 2736 660 2803 vada
682 2738 830 2815 [infestas.
881 2743 998 2824 quihus
1026 2740 1158 2822 paulum

130 2852 286 2934 aegreque
304 2852 408 2915 vitatis
423 2863 593 2935 postquam
609 2854 751 2915 mutabat
771 2867 874 2917 aestus
896 2850 1069 2937 eodemque
1091 2872 1156 2936 quo

128 2979 243 3030 ventus
269 2952 408 3044 ferebat,
440 2987 506 3030 non
532 2966 704 3031 adhaerere
730 2970 872 3047 ancoris,
899 2990 965 3033 non
988 2968 1156 3032 exhamire

127 3081 340 3163 irrumpentes
368 3078 468 3142 undas
495 3095 662 3163 poterant:
696 3082 788 3165 equi,
818 3088 975 3161 jumenta,
1006 3082 1156 3163 sarcinae,

124 3195 224 3258 etiam
244 3216 331 3257 arma
346 3180 607 3276 praecipitantur,
630 3215 695 3279 quo
717 3196 901 3262 letarentur
922 3195 1004 3260 alvei
1024 3215 1157 3260 manan-

125 3320 176 3370 tes
196 3330 255 3391 per
274 3310 373 3372 latera
394 3321 424 3372 et
443 3308 801 3394 fluetu'superurgente.
823 3306 826 3313 ’

213 3422 340 3502 Quanto
362 3425 532 3489 violentior
553 3441 657 3489 cetero
677 3427 760 3489 mari
783 3444 921 3489 oceanus
941 3436 974 3488 et
995 3420 1156 3488 truculen-
1168 3439 1240 3505 aaa

124 3536 172 3599 tia
195 3540 275 3600 coeli
294 3551 432 3620 praestat
453 3539 641 3618 Germania,
670 3551 795 3602 tantum
815 3542 871 3603 illa
891 3537 1155 3605 cladeevnovitat'e

124 3662 159 3712 at
183 3651 399 3731 magnitudine
426 3652 572 3733 excessit,
602 3652 770 3725 hostilibus
796 3654 912 3718 circum
931 3655 1078 3718 litoribus
1100 3665 1155 3716 aut

124 3764 173 3827 ita
192 3768 285 3830 vasto'
304 3776 336 3829 et
355 3765 534 3847 profundo,
567 3780 605 3831 ut
627 3765 782 3830 credatur
800 3767 1007 3831 novissimum
1027 3789 1065 3831 ac
1085 3766 1153 3830 sine

123 3880 219 3942 terris
245 3900 344 3941 mare.
384 3880 462 3959 Pars
492 3877 637 3942 navium,
652 3880 902 3959 haustae‘sunt,
930 3883 1043 3965 plures
1068 3880 1153 3963 apdd

121 3989 243 4055 insulas
272 3994 398 4073 longius
424 3996 499 4056 sitas
527 3997 658 4075 ejectae,
682 3994 834 4082 milesque
857 3997 947 4059 nullo
966 3996 1031 4059 illic
1050 3998 1153 4059 homi-

121 4126 203 4170 num
225 4109 311 4170 cultu
334 4108 416 4170 fame
439 4109 633 4192 absumptus,
654 4110 716 4175 nisi
738 4112 819 4196 q'uos
840 4130 976 4193 corpora
997 4128 1151 4194 equorum
