2950 4775
505 369 568 439 EX
591 367 846 442 ANNALIBUS
1139 372 1184 440 (il

159 549 221 612 hus
242 546 342 626 majus
369 564 410 606 ex
436 562 474 606 eo
496 539 592 608 decue
617 546 801 629 sperabant,
835 543 863 609 si
887 566 996 628 pacem
1019 545 1184 614 matiana-

158 661 286 727 viseent.
326 657 478 722 Paulinus
499 656 668 741 Pompeius
691 671 722 722 et
742 658 861 724 Lucius
881 660 982 725 Vetuo
1004 683 1040 727 ea
1060 675 1182 746 tempe·

157 784 235 836 state
260 769 411 835 exercitui
430 782 609 853 praeerant.
649 789 691 831 ne
714 781 821 834 tamen
841 791 967 853 segnem
985 776 1115 840 militem
1134 789 1182 841 at·

157 886 312 965 tinerent,
342 886 395 946 ille
422 884 604 948 inchoatum
625 895 697 946 ante
718 894 784 946 tres
805 898 836 948 et
857 889 1018 969 sexaginta
1038 911 1139 955 annos
1160 913 1181 955 e

158 1004 267 1064 Druso
283 1019 425 1081 aggerem
446 997 619 1064 coercendo
638 999 753 1064 Rheno
774 1002 920 1082 absolvit,
939 1004 1042 1074 Vetus
1061 1004 1180 1068 Mosel-

155 1116 220 1178 lam
247 1127 341 1198 atque
368 1114 514 1194 Ararim,
545 1116 627 1180 facta
654 1114 739 1182 inter
766 1129 937 1200 utrumque
964 1118 1070 1197 fosse,
1102 1139 1180 1181 con-

143 1239 282 1290 nectere
300 1228 446 1309 parabat,
467 1238 504 1290 ut
527 1228 720 1312 copiaeper
740 1252 845 1309 mare,
876 1229 950 1294 dein
969 1229 1126 1297 Rhodano
1147 1246 1179 1298 et
1297 1266 1302 1274 ·

155 1342 256 1405 Arare
283 1343 450 1407 subvectae
478 1361 537 1424 per
563 1361 633 1406 eam
658 1342 794 1421 fossam,
825 1356 901 1409 mox
921 1342 1020 1410 fluvio
1044 1345 1178 1408 Mosella

154 1458 190 1520 in
213 1457 376 1538 Rhenum,
407 1456 482 1520 exio
505 1476 659 1521 oceanum
685 1456 888 1523 decurrerent
912 1458 1177 1545 sublatisqueitie

154 1569 239 1633 neris
260 1567 493 1633 difficultatibus
510 1569 699 1650 navigabilia
715 1573 800 1634 inter
816 1592 849 1636 se
869 1572 1037 1637 occidentis
1050 1585 1177 1658 septen·

153 1685 327 1768 trionisque
355 1684 451 1746 litora
475 1681 597 1747 fierent.
644 1682 763 1749 Invidit
793 1684 884 1768 operi
907 1685 1017 1748 Aelius
1045 1685 1177 1749 Gracilis

153 1797 297 1879 Belgicae
317 1798 453 1880 legatus,
483 1793 669 1860 deterrendo
693 1795 844 1861 Veterem
865 1820 906 1861 ne
932 1799 1071 1880 legiones
1098 1798 1193 1860 alte.

152 1932 215 1976 nae
236 1914 422 1995 'provinciae
447 1912 580 1978 inferret
608 1911 776 1997 studiaque
806 1912 979 1978 Galliarum
1007 1913 1177 1987 affectaret,

155 2026 396 2094 formidolosum
423 2026 459 2091 id
486 2027 672 2111 imperatori
700 2027 863 2111 dictitans,
895 2048 966 2113 quo·
989 2028 1175 2112 plerumque

151 2139 365 2223 prohibentur
386 2153 516 2207 conatam
539 2131 674 2208 honesti.

239 2252 385 2322 Ceterum
419 2258 569 2321 continno
604 2257 804 2330 exercituum
835 2257 901 2323 otio
932 2257 1018 2321 tama
1049 2253 1177 2321 incessit
1194 2275 1281 2343 lato

152 2378 296 2450 ereptum
326 2374 376 2448 jus
404 2370 512 2452 legatis
542 2370 679 2437 ducendi
707 2374 743 2436 in
771 2374 910 2447 hostem,
954 2392 1055 2456 eoque
1081 2369 1176 2435 Frisii

150 2484 346 2558 juventutem
365 2485 495 2548 saltibus
515 2497 570 2550 aut
590 2483 771 2568 paludibus,
790 2487 950 2550 imbellem
968 2497 1100 2550 aetatem
1116 2505 1176 2566 per

149 2596 237 2660 lacus
265 2596 432 2662 admovere
457 2599 545 2684 ripae
573 2622 727 2686 agrosque
748 2621 867 2667 vacuos
887 2613 920 2665 et
943 2602 1077 2665 militum
1100 2600 1175 2664 usui

149 2712 303 2792 sepositos
321 2710 465 2776 insedere
485 2726 612 2779 auctore
632 2714 764 2779 Verrito
786 2729 817 2781 st
836 2714 1009 2796 Malorige,
1039 2714 1096 2798 qui
1116 2735 1174 2778 na·

148 2822 270 2886 tionem
296 2847 365 2891 eam
389 2829 557 2907 regebant,
586 2827 622 2889 in
643 2841 796 2912 quantum
820 2827 971 2891 Germani
991 2840 1174 2908 regnantur.

146 2935 280 3020 Jamque
303 2938 439 3004 fixerant
460 2938 589 3020 domos,
619 2942 739 3004 semina
768 2939 852 3004 arvis
877 2940 1049 3005 intuleram
1074 2952 1172 3024 utque

147 3052 287 3132 patrium
304 3055 406 3117 solum
425 3056 623 3134 exercebant,
645 3075 745 3138 quum
759 3054 887 3118 Dubius
899 3056 1025 3134 Avitus,
1046 3066 1173 3138 accepta

147 3188 169 3229 a
187 3167 321 3231 Paulino
342 3168 517 3251 provincia,
537 3168 712 3235 minitando
733 3171 799 3234 vim
820 3188 995 3245 romanam,
1016 3166 1078 3231 nisi
1099 3170 1172 3232 abs·

148 3275 294 3342 cederent
321 3279 416 3343 Frisii
443 3295 564 3346 veterae
592 3282 628 3344 in
658 3284 746 3345 locos
781 3294 838 3344 aut
869 3301 987 3346 novam
1016 3279 1122 3344 sedem
1151 3301 1171 3344 e

148 3411 272 3456 caesare
303 3393 524 3476 impetrarent,
560 3397 701 3479 perpulit
727 3393 893 3459 Verritum
922 3406 955 3458 et
983 3392 1171 3475 Malorigem

144 3525 256 3587 preces
284 3509 453 3591 suscipere.
500 3512 696 3597 profectique
724 3510 859 3575 Romam
886 3506 962 3570 dum
990 3508 1059 3577 aliis
1087 3507 1172 3571 curie

144 3616 300 3682 intentum
321 3618 484 3685 Neronem
505 3623 730 3706 opperiuntur,
761 3623 845 3685 inter
864 3642 902 3685 ea
923 3640 1004 3704 quae
1025 3620 1170 3684 barbarie

146 3742 347 3798 ostentantur
365 3736 523 3803 intravere
543 3739 686 3822 Pompeii
704 3739 873 3817 theatrum,
895 3756 960 3820 quo
981 3733 1170 3818 magnitudi-

146 3870 221 3913 nem
240 3854 353 3936 populi
373 3854 520 3920 viserent.
561 3852 629 3916 Illic
652 3874 712 3935 per
733 3854 833 3917 otium
860 3849 979 3936 (neque
1009 3851 1093 3914 eninr
1119 3852 1170 3913 lu·

147 3964 242 4030 dicris
261 3967 363 4048 ignari
383 3962 631 4052 oblectabantur)
659 3966 735 4032 dum
756 3987 936 4033 consessum
955 3987 1086 4045 caveae,
1107 3964 1172 4028 dis·

145 4078 280 4143 crimina
301 4079 466 4163 ordinum,
487 4084 544 4168 qui
563 4102 676 4168 eques,
696 4081 755 4146 ubi
775 4094 901 4146 senatus
917 4092 1174 4167 percunctantur,
