2950 4775
672 369 737 439 EX
757 369 1012 442 ANNALIBUS

625 709 695 783 EX
728 710 1060 787 ANNALIBUS.

237 881 318 980 ’1,14
416 902 460 982 (a.
480 924 514 986 p.
533 901 570 966 G.
593 899 648 988 14)
670 901 797 967 additur
817 925 929 985 magna
954 925 1027 987 pars
1050 893 1243 986 praetoriani
1263 901 1354 984 equi·

330 1014 369 1078 tis
388 1027 420 1077 et
437 1017 556 1080 robora
575 1017 816 1098 Germanorum,
841 1018 897 1104 qui
918 1031 986 1082 tum
1006 1017 1148 1082 custodes
1168 1015 1353 1100 imperatori

329 1128 469 1195 aderant.

244 1266 270 1329 1,
279 1265 313 1315 sl
413 1242 456 1332 (a.
475 1243 531 1331 14)
552 1267 626 1308 nam
644 1244 756 1309 iisdem
778 1245 901 1312 aestivis
922 1245 1092 1310 infinibus
1113 1246 1271 1310 Ubiorum
1292 1247 1351 1308 ha·

327 1361 484 1422 bebantur
507 1359 658 1443 (legiones
678 1361 769 1423 XXI.
790 1361 832 1423 V.
848 1361 874 1423 Ι.
895 1361 975 1442 ΧΧ)
996 1382 1055 1443 per
1076 1359 1175 1423 otium
1194 1372 1248 1422 aut
1265 1360 1350 1423 levia

326 1491 446 1534 munia.

244 1613 314 1680 13³4
411 1584 454 1671 (a.
476 1583 531 1669 14)
559 1584 737 1668 praecipuis
769 1581 915 1647 laudibus
950 1585 1111 1646 celebrans
1144 1603 1226 1666 quae
1260 1580 1346 1664 apud

327 1700 511 1766 Germanias
532 1699 594 1761 illis
619 1720 690 1761 cum
713 1697 891 1779 legionibus
914 1696 1126 1780 pulcherrima
1145 1698 1279 1769 fecisset.

241 1841 267 1904 1,
276 1841 313 1892 33
410 1812 454 1901 (a.
477 1811 531 1899 14)
556 1813 745 1878 destinatum
766 1812 889 1877 excidio
911 1813 1069 1876 Ubiorum
1091 1809 1255 1895 oppidum.

241 1946 267 2008 1,
275 1947 311 1998 st
409 1923 452 2009 (a.
476 1923 531 2010 14)
559 1925 692 2008 primam
721 1948 757 1989 ac
786 1926 965 1991 vicesimam
984 1927 1122 2006 legiones
1144 1925 1277 1991 Caecina
1297 1927 1346 1988 le·

323 2054 411 2122 gatus
435 2041 470 2103 in
492 2041 647 2105 civitatem
667 2038 826 2103 Ubiorum
848 2038 977 2102 reduxit
994 2041 1083 2122 turpi
1104 2040 1237 2119 agmine.

239 2172 311 2234 Lae
409 2152 452 2239 (a.
476 2150 529 2234 14)
553 2166 586 2216 at
611 2153 646 2215 in
669 2152 803 2216 Cauchis
834 2168 1017 2236 coeptavere
1045 2154 1230 2217 seditionem
1249 2176 1344 2236 prae·

325 2270 438 2335 sidium
459 2271 607 2350 agitantes
628 2271 785 2334 vexillarii
805 2268 996 2333 discordium
1016 2269 1186 2353 legionum.

236 2402 306 2464 1,39
406 2381 448 2469 (a.
467 2378 521 2465 14)
542 2382 664 2444 interea
683 2382 778 2464 legati
796 2386 836 2447 ab
854 2398 965 2448 senatu
982 2404 1157 2464 regressum
1172 2386 1235 2463 jam
1255 2380 1340 2464 apud

320 2522 407 2565 aram
426 2497 584 2560 Ubiorum
607 2496 832 2559 Germanicum
854 2496 981 2561 adeunt.

235 2633 305 2696 Las
404 2610 448 2697 (a.
471 2608 526 2695 14)
548 2612 768 2693 compressisse
791 2609 978 2673 Germaniae
1000 2612 1147 2693 populos.

234 2743 305 2805 1,ss
402 2729 445 2813 (a.
468 2723 523 2811 14)
551 2725 648 2789 secuti
674 2729 854 2809 exemplum
876 2729 1016 2790 veterani
1039 2723 1127 2787 haud
1146 2725 1245 2788 multo
1266 2735 1339 2807 post

316 2844 350 2906 in
370 2841 512 2905 Raetiam
530 2840 698 2903 mittuntur
722 2841 825 2922 specie
852 2836 1068 2901 defendendae
1088 2839 1270 2921 provinciae
1293 2840 1335 2900 ob

316 2958 514 3021 imminentes
534 2955 666 3019 Suevos.

233 3087 258 3151 1,
268 3086 305 3138 ao
403 3067 446 3155 (a.
466 3067 520 3153 14)
542 3069 633 3133 Laeti
652 3091 757 3154 neque
773 3070 885 3152 procul
902 3069 1053 3134 Germani
1070 3070 1236 3151 agitabant,
1258 3068 1335 3132 dum

314 3184 432 3265 justitio
452 3188 493 3247 ob
509 3184 658 3246 amissum
676 3185 860 3263 Augustum,
881 3196 953 3266 post
972 3181 1134 3245 discordiis
1155 3183 1335 3245 attinemur.

315 3297 358 3359 At
385 3297 547 3359 Romanus
579 3296 700 3376 agmine
725 3316 863 3378 propero
893 3297 1004 3359 silvam
1031 3297 1162 3358 cassiam
1188 3299 1334 3361 limitem-

317 3424 379 3487 que
401 3425 420 3463 a
441 3402 569 3464 Tiberio
596 3415 740 3483 coeptum
769 3398 897 3480 scindit,
928 3414 1028 3463 castra
1053 3403 1089 3462 in
1114 3403 1213 3466 limite
1240 3405 1333 3483 locat,

314 3518 452 3580 frontem
477 3538 512 3578 ac
541 3527 663 3596 tergum
689 3518 791 3596 vallo,
819 3519 920 3579 latera
948 3516 1156 3580 concaedibus
1180 3521 1333 3585 munitus.

312 3628 386 3691 inde
408 3632 504 3691 saltus
532 3630 682 3692 obscuros
706 3640 848 3710 permeat
871 3631 1106 3714 consultatque,
1139 3652 1180 3693 ex
1206 3629 1331 3694 duobus

310 3744 475 3806 itineribus
499 3745 595 3805 breve
622 3756 655 3812 et
682 3745 809 3807 solitum
834 3757 1001 3827 sequatur,
1032 3767 1073 3806 an
1099 3744 1279 3827 impeditius
1299 3759 1332 3808 et

310 3860 496 3921 intentatum
525 3878 626 3940 eoque
653 3858 797 3923 hostibus
825 3860 995 3923 incautum.
1038 3861 1168 3922 Delecta
1186 3860 1329 3940 longiore

311 3969 363 4034 uia
384 3982 485 4032 cetera
513 3971 736 4034 accelerantur.
787 3974 900 4035 etenim
925 3974 1092 4035 attulerant
1113 3974 1328 4055 exploratores

311 4084 420 4146 sestam
443 4103 510 4144 eam
532 4082 698 4146 Germanis
727 4097 850 4159 noctem
879 4108 913 4150 ac
935 4087 1127 4151 solemnibus
1156 4087 1256 4168 epulis
1276 4090 1326 4149 lu·
