2950 4775
338 392 402 461 106
689 388 754 461 EX
774 390 1010 462 HISTORIIS
1047 396 1050 399 ’

335 581 383 632 tes
403 566 591 650 Vespasiani
613 580 814 648 nansgressa.
863 575 1005 650 praeerat
1031 565 1132 630 Julius
1159 567 1365 649 Briganticus

336 701 446 744 sorore
469 680 577 745 Civilis
603 685 742 764 genitus,
769 696 806 747 ut
833 685 931 747 ferme
958 683 1110 747 acerrima
1136 685 1364 766 proximorum

337 795 410 860 odia
430 808 517 876 sunt,
538 797 658 861 invisus
681 799 837 861 avunculo
858 798 1073 882 infensusque.
1113 799 1216 861 Tutor
1237 799 1364 862 Treve-

335 932 444 975 rorum
466 913 570 995 copias
594 914 713 975 recenti
732 913 950 994 Vangionum,
980 912 1210 992 Caeracatium,
1238 914 1363 975 Tribo-

336 1048 445 1091 corum
470 1024 591 1090 delectu
613 1039 717 1090 auctas
737 1039 887 1089 veterano
913 1023 1017 1109 pedite
1045 1038 1139 1109 atque
1168 1026 1272 1109 equite
1300 1027 1362 1089 fir-

334 1143 447 1221 mavit,
476 1140 631 1224 corruptis
653 1162 708 1224 spe
731 1156 785 1205 aut
804 1156 891 1206 metu
916 1143 1050 1205 subactis
1070 1142 1267 1222 legionariis,
1298 1142 1361 1226 qui

334 1257 438 1339 primo
470 1258 630 1322 cohortem
661 1257 863 1338 praemissam
893 1279 911 1318 a
938 1254 1070 1318 Sextilio
1100 1255 1203 1318 Felice
1234 1255 1359 1317 interii-

335 1371 435 1449 ciunt,
458 1391 535 1433 mox
555 1372 612 1432 ubi
634 1368 727 1431 duces
749 1369 966 1453 exercitusque
987 1390 1136 1432 romanus
1157 1371 1358 1454 propinqua·

333 1486 425 1564 bant,
446 1486 579 1548 honesto
600 1485 774 1565 transfugio
796 1484 933 1560 rediere,
957 1485 1070 1548 secutis
1089 1485 1241 1563 Tribocis,
1262 1486 1356 1546 Van·
1464 1508 1465 1569 3

329 1601 541 1684 gionibusque
569 1613 601 1663 et
627 1599 856 1669 Caeracatibus.
898 1602 1001 1664 Tutor
1028 1603 1175 1664 Treveris
1201 1602 1356 1663 comitan·
1464 1596 1465 1615 ¹

331 1711 433 1790 tibus,
455 1711 553 1776 vitato
573 1714 789 1793 Magantiaco,
809 1713 957 1794 Bingium
980 1715 1131 1777 concessit
1149 1713 1248 1777 fidens
1267 1716 1352 1786 loco,

331 1824 407 1908 quia
435 1839 565 1908 pontem
593 1826 702 1888 Navae
733 1824 872 1888 fluminis
902 1829 1080 1910 abruperat.
1130 1825 1194 1889 Sed
1222 1828 1353 1907 incursu

331 1939 510 2002 cohortium
534 1961 612 2023 quas
640 1939 790 2004 Sextilius
818 1939 951 2004 ducebat
972 1954 1004 2004 st
1024 1955 1149 2026 reperto
1172 1941 1253 2006 vado
1275 1964 1354 2025 pro-

331 2050 421 2116 ditus
447 2055 609 2139 fususque.
668 2078 705 2118 ea
735 2055 823 2120 clade
853 2057 989 2140 perculsi
1022 2057 1155 2121 Treveri
1183 2070 1215 2120 st
1242 2058 1353 2138 plebes

332 2171 452 2232 omissis
474 2173 568 2233 armis
590 2193 648 2254 per
669 2193 760 2252 agros
781 2175 922 2254 palatur:
947 2171 1075 2258 quidam
1096 2174 1295 2257 principum,
1317 2188 1354 2237 ut

330 2286 425 2369 primi
445 2290 586 2370 posuisse
614 2290 732 2351 bellum
753 2287 951 2369 viderentur,
981 2292 1014 2353 in
1038 2291 1174 2354 civitates
1196 2312 1278 2375 quae
1298 2311 1367 2369 sos

330 2403 470 2467 cietatem
490 2425 652 2467 romanam
673 2422 738 2467 non
762 2417 915 2468 exuerant
935 2406 1112 2487 perfugere.
1153 2404 1309 2486 Legiones
1332 2428 1352 2469 a

328 2515 467 2582 Novesio
488 2520 664 2603 Bonnaque
685 2521 719 2581 in
740 2522 905 2599 Treveros,
930 2533 965 2583 ut
985 2541 1080 2602 supra
1099 2521 1352 2597 memoravimus,

328 2631 488 2697 traductae
517 2655 551 2696 se
578 2636 665 2716 ipsae
692 2636 726 2696 in
755 2636 853 2700 verba
873 2635 1062 2718 Vespasiani
1082 2634 1221 2717 adigunt.
1261 2634 1352 2697 Haec

328 2746 499 2809 Valentino
533 2749 659 2809 absente
692 2762 795 2827 gesta3
841 2749 896 2831 qui
930 2748 987 2810 ubi
1019 2747 1205 2813 adventabat
1239 2751 1352 2812 furens

330 2873 504 2944 cunctaque
533 2881 643 2923 rursus
677 2859 709 2921 in
742 2862 849 2923 turbas
880 2875 911 2925 et
942 2860 1097 2924 excidium
1129 2883 1351 2941 conversurus,

327 2976 465 3057 legiones
485 2977 519 3037 in
540 2974 811 3055 Mediomatricos,
833 2975 950 3040 sociam
971 2978 1140 3060 civitatem,
1161 2982 1351 3044 abscessere.

328 3090 515 3153 Valentinus
537 3112 572 3153 ac
594 3091 696 3153 Tutor
714 3093 749 3153 in
771 3113 857 3154 arma
878 3093 1034 3157 Treveros
1054 3083 1236 3175 retrahunt,
1265 3097 1350 3159 occi·

327 3206 369 3268 sis
389 3205 551 3268 Herennio
570 3228 604 3268 ac
625 3206 771 3271 Numisio
791 3209 909 3290 legatis,
930 3230 994 3294 quo
1017 3208 1139 3272 minore
1160 3231 1214 3292 spe
1235 3209 1349 3274 veniae

327 3335 479 3387 cresceret
499 3323 660 3388 vinculum
681 3325 816 3386 sceleris.

243 3436 270 3500 4,
281 3437 313 3488 tr
411 3435 472 3497 Hic
501 3436 577 3497 belli
606 3448 703 3498 status
732 3451 814 3514 erat,
846 3458 945 3520 quum
964 3438 1093 3522 Petilius
1117 3436 1248 3501 Cerialis
1274 3440 1349 3501 Ma·

326 3549 504 3630 gontiacum
518 3549 616 3615 venit.
654 3557 720 3629 ejus
737 3550 872 3615 adventu
890 3566 1008 3616 erectae
1023 3574 1106 3636 spes.
1139 3552 1212 3635 ipse·
1222 3572 1348 3634 pugnae

327 3661 438 3727 avidus
462 3676 493 3726 et
517 3665 753 3728 contemnendis
776 3689 870 3751 quom
898 3667 1044 3731 cavendis
1070 3668 1212 3731 hostibus
1234 3667 1349 3730 melior

325 3779 444 3842 ferocia
464 3782 632 3843 verborum
653 3785 782 3847 militem
803 3782 1004 3863 incendebat,
1030 3786 1087 3847 ubi
1109 3784 1247 3866 primum
1269 3803 1347 3847 con·

325 3891 413 3975 gredi
441 3893 593 3969 licuisset,
629 3898 753 3958 nullam.
775 3898 896 3978 proelio
926 3919 1047 3961 moram
1079 3898 1228 3962 facturus.
1277 3897 1347 3959 De·

325 4006 422 4067 lectus
442 4026 500 4087 per
524 4005 658 4068 Galliam
679 4009 802 4073 habitos
824 4012 859 4073 in
883 4012 1020 4074 civitates
1046 4011 1176 4076 remittit
1202 4033 1237 4072 ac
1259 4030 1345 4073 nun·

325 4122 402 4188 tiara
431 4124 518 4199 jubet
549 4105 692 4185 sufficere
721 4125 855 4208 imperio
884 4125 1039 4208 legiones:
1072 4126 1149 4193 socii
1174 4124 1214 4192 ad
1234 4127 1345 4190 munia
