2950 4775
332 389 377 458 46
673 387 737 458 titt
759 386 1015 462 Annamatia

329 586 432 649 aequo
452 563 486 626 in
506 562 619 640 silvam
638 560 730 628 aditu·
746 563 922 647 incederet,
942 587 1017 650 pars
1037 568 1192 647 obiectum
1213 588 1358 649 aggerem

326 679 516 761 eniteretur,
547 675 635 761 quod
663 675 799 742 arduum
826 678 903 758 sibi,
938 694 1041 744 cetera
1069 680 1176 761 legatie
1203 681 1357 763 permisit.

329 787 453 870 Quibus
474 792 570 871 plana
593 806 765 856 evenerant
786 791 879 854 facile
899 791 1053 875 irrupere,
1075 797 1146 878 quis
1166 797 1356 879 impugnan-
1386 817 1392 830 “

329 904 389 968 dus
409 927 523 987 agger,
546 918 582 968 ut
605 907 632 967 si
652 926 779 966 mtu'um
800 904 1020 986 succederent,
1049 909 1356 992 gravibussuperne

326 1025 441 1088 ictibus
470 1015 737 1098 conflictabantur.
794 1020 898 1085 Sensit
929 1023 996 1085 dux
1026 1025 1180 1107 imparem
1213 1030 1356 1092 cominus

328 1160 467 1222 pugnam
491 1139 682 1221 remotisque
705 1134 843 1219 'pardum
872 1139 1049 1220 legionibus
1064 1140 1244 1226 iunditores
1264 1143 1355 1205 libri·

326 1269 474 1338 toresque
488 1267 642 1318 excutere
662 1254 726 1318 tela
744 1267 774 1317 et
793 1257 983 1346 proturbare
1003 1257 1125 1320 hostem
1141 1260 1236 1337 jubet
1277 1256 1355 1328 mis·

327 1392 380 1446 sae
401 1369 602 1432 e·tormentis
623 1370 749 1446 hastae,
771 1382 953 1452 quantoque
975 1371 1140 1453 conspicui
1156 1370 1252 1452 magis
1273 1391 1353 1453 pro·

327 1497 535 1570 pugnatores,
566 1497 654 1547 tanto
684 1484 832 1567 pluribus
861 1486 1045 1560 ¹vulneribus
1068 1486 1187 1566 dejecti.
1227 1486 1353 1550 Primus

328 1621 435 1663 caesar
454 1620 526 1662 cum
542 1598 708 1680 praetoriis
723 1600 907 1663 cohortibus
930 1614 1021 1682 capto
1040 1603 1124 1665 vallo
1147 1598 1232 1668 dedit
1251 1603 1354 1684 impe-

327 1716 442 1780 mmin
457 1714 568 1776 silvas:
586 1713 698 1776 collato
712 1711 777 1775 illio
790 1710 1065 1792 grnduzcertatum.
1080 1716 1218 1784 ¹hostem
1232 1738 1252 1778 e
1265 1727 1354 1794 tergo

327 1832 428 1912 palus,
448 1829 609 1892 Romanos
630 1828 749 1891 flumen
770 1841 826 1891 aut
844 1841 965 1890 montes
987 1826 1190 1892 claudebantz
1211 1828 1354 1911 utrisque

251 1982 258 1996 ι
326 1943 491 2020 necessitas
511 1944 545 2006 in
564 1945 652 2022 loco,
674 1964 745 2026 spes
766 1945 802 2005 in
822 1943 953 2020 virtute,
973 1944 1056 2012 salus
1077 1965 1118 2007 ex
1137 1943 1277 2008 victoria.

242 2077 312 2140 mat
411 2058 480 2122 Neo
504 2058 610 2124 minor
636 2059 803 2138 Germanis
830 2035 971 2136 animus,
1002 2057 1057 2122 sed
1085 2081 1199 2140 genere
1226 2079 1353 2141 pugnae
1465 2071 1466 2074 ’

326 2184 359 2236 et
379 2194 539 2238 armornm
561 2175 811 2256 superabantur,
838 2193 937 2255 quum
956 2172 1067 2254 ingens
1087 2173 1255 2260 multitudo
1276 2172 1353 2234 artis

322 2289 401 2356 locis
423 2292 615 2373 praelongas·
631 2291 735 2354 hastas
761 2310 828 2354 non
848 2288 1084 2389 protenderet,
1102 2312 1168 2354 non
1186 2292 1354 2371 colligeret,

326 2427 429 2490 neque
452 2408 620 2469 assultibus
642 2418 673 2467 et
692 2405 860 2469 velocitate
882 2425 1052 2486 corporum
1073 2418 1227 2484 uteretur,
1246 2417 1353 2469 coacta

323 2525 436 2589 stabile
461 2520 501 2593 ad
526 2516 695 2605 proelium.
746 2535 869 2593 contra¹
882 2522 972 2585 miles
1002 2522 1054 2585 cui
1081 2517 1203 2587 scutum
1229 2519 1381 2604 pectori.

323 2655 511 2719 appressum
540 2648 572 2698 et
595 2635 735 2701 insidens
764 2636 876 2717 capulo
903 2654 1015 2697 manens
1040 2637 1121 2700 latos
1141 2639 1354 2701 barbarorum

325 2743 429 2827 artus,
461 2749 548 2815 nuda
570 2770 627 2813 nra
648 2748 772 2813 foderet
796 2749 944 2831 viamque
966 2761 1067 2829 strage
1088 2751 1227 2817 hostium
1249 2749 1353 2832 aperi·

323 2879 385 2946 ret,
404 2867 599 2949 imprompto
619 2870 682 2944 jam
706 2864 850 2937 Arminio
872 2867 914 2927 ob
937 2865 1086 2927 continua
1107 2866 1258 2948 pericula,
1286 2864 1352 2928 sive

322 2982 414 3045 illum
438 3001 549 3061 recens
575 2992 736 3063 acceptum
762 2979 879 3041 vulnus
906 2976 1096 3040 tardaverat.
1137 2976 1223 3054 Quin
1244 2991 1274 3040 et
1297 2980 1353 3040 In-

323 3095 521 3175 guiomerum
542 3105 608 3159 tota
628 3094 812 3157 volitantem
832 3092 898 3159 acie
917 3091 1045 3153 fortuna
1060 3090 1157 3172 magis
1176 3112 1270 3174 quam
1285 3093 1352 3159 rir-

323 3223 375 3275 tus
395 3209 578 3287 deserebat.»
608 3208 901 3285 Ethsrmanicus,
914 3227 1001 3289 ¹quo·
1013 3206 1113 3287 magis,
1131 3219 1353 3287 agnosceretur
1464 3234 1465 3243 ¹

324 3324 504 3401 detraxerat
524 3323 785 3406 tegimencapiti,
807 3322 981 3403 orabatque
996 3319 1180 3382 insisterent
1195 3318 1352 3403 caedibus,
1416 3338 1420 3344 ·

321 3442 370 3504 nil
392 3462 473 3526 opus
492 3441 632 3524 captivis,
652 3442 752 3517 solam
768 3436 1015 3517 internecionem
1035 3438 1135 3516 gentis
1153 3434 1248 3513 finem
1264 3437 1351 3501 bello

319 3555 403 3621 lore.
444 3556 586 3638 Jamque,
599 3574 671 3617 sero
701 3551 765 3617 diei
790 3548 935 3629 subducit
958 3571 998 3612 ex
1025 3550 1091 3613 acie
1117 3550 1285 3633 legionem·
1302 3552 1351 3625 fa·

322 3665 439 3730 ciendis
461 3669 585 3731 castris:
611 3679 731 3729 ceterae
755 3662 794 3726 ad
813 3676 942 3749 ,noctem
963 3685 1075 3747 cruore
1095 3666 1235 3730 hostium
1256 3664 1350 3729 sada·

321 3790 372 3843 tae
393 3793 476 3844 sunt.
509 3778 641 3864 equites
663 3779 807 3859 ambigue
830 3781 1008 3865 certauere.‘
1058 3850 1060 3854 ,

237 3900 309 3965 222
404 3891 566 3979 Laudatis·
582 3915 643 3976 pro
667 3895 822 3963 ⁴concione
849 3894 1020 3979 ¹victoribus
1042 3911 1149 3955 caesar
1170 3890 1350 3975 congeriem

322 4026 484 4073 armorum
514 4009 630 4097 struxit
656 4010 795 4091 superbo
824 4027 896 4073 cum
926 4007 1035 4071 titulo:
1080 4000 1348 4087 DEBELLATIS

321 4122 453 4188 INTER
477 4122 663 4211 RHENUM
685 4120 907 4200 ALBIMQUE
925 4117 1194 4203 NATIONIBUS
1216 4117 1347 4203 axum
