2950 4775
476 377 539 446 ΒΧ
559 377 796 448 HISTORIIS
1101 381 1145 450 89

127 554 230 617 cultus
261 550 391 618 nuntius
421 550 574 616 venientis
609 551 720 616 auxilii
751 562 937 637 penetraret.
986 552 1145 616 machinas

125 672 306 752 molemque
324 689 457 750 operum
474 667 599 731 Batavis
618 666 754 748 delegat:
774 669 1034 731 Transrhenanos
1050 688 1146 751 proe-

126 784 206 845 lium
234 793 398 865 poscentes
422 779 462 844 ad
490 779 696 845 scindendum
722 783 840 844 vallum
867 781 914 845 ire
941 780 1146 868 detrusosque

127 899 343 981 redintegrare
379 912 536 962 certamen
568 901 657 978 jubet
689 911 857 981 superante
889 897 1087 962 multitudine
1117 912 1148 962 et

18 1028 21 1033 ⁴
128 1016 215 1079 facili
233 1013 361 1078 damno.
403 1036 460 1077 nec
483 1013 578 1076 finem
596 1014 699 1078 labori
721 1036 788 1079 nox
808 1015 922 1079 sttulit.

216 1184 376 1265 congestis
398 1186 514 1248 circum
531 1186 622 1265 lignis
645 1186 843 1271 accensisque
864 1186 956 1249 simul
979 1186 1148 1268 epulantes,
1161 1190 1230 1254 4,29

130 1309 167 1360 ut
187 1297 322 1380 quisque
342 1298 417 1363 vino
438 1298 626 1376 incaluerat,
649 1297 688 1360 ad
711 1321 850 1380 pugnam
869 1300 1042 1362 temeritate
1063 1298 1151 1360 inani

50 1480 54 1487 Ι
131 1412 324 1474 ferebantur.
374 1414 491 1496 quippe
522 1412 664 1494 ipsorum
696 1415 758 1476 tela
789 1435 847 1496 per
876 1417 1021 1476 tenebras
1050 1435 1150 1478 uanas

131 1523 268 1587 Romani
297 1528 495 1607 conspicuam
522 1527 732 1590 barbarorum
755 1529 870 1604 aciem,
904 1540 935 1590 et
955 1528 982 1589 si
1004 1527 1073 1610 quis
1095 1550 1152 1590 au·

132 1637 220 1700 dacia
252 1652 305 1701 sut
335 1640 508 1721 insignibus
539 1643 705 1722 effulgens,
744 1639 784 1703 ad
813 1644 909 1704 ictum
944 1638 1151 1703 destinabant.

131 1754 326 1818 Intellectum
354 1756 388 1819 id
416 1756 526 1838 Civili,
558 1769 590 1820 et
614 1757 763 1821 restincto
790 1757 862 1838 igne
890 1756 1014 1819 misceri
1042 1766 1152 1818 cuncta

132 1870 272 1933 tenebris
303 1883 333 1933 et
362 1874 456 1934 armis
484 1876 582 1950 jubet.
631 1874 714 1936 Tum
744 1893 820 1936 vero
848 1871 994 1954 strepitus
1023 1866 1152 1946 dissoni,

132 2004 224 2047 casus
245 1984 363 2060 incerti,
384 2005 486 2068 neque
506 1983 639 2048 feriendi
661 2006 765 2070 neque
787 1982 963 2048 declinandi
984 1980 1153 2064 providen-

132 2094 189 2158 tia.
236 2094 320 2160 unde
342 2100 460 2160 clamor
482 2097 634 2160 acciderat
665 2096 874 2177 circumagere
903 2117 1054 2177 corpora,
1085 2107 1154 2156 ten·

134 2207 212 2272 dere
236 2230 336 2272 arcus.
377 2211 457 2272 nihil
484 2208 632 2292 prodesse
653 2210 767 2289 virtus,
795 2212 862 2275 fors
884 2222 994 2275 cuncta
1017 2209 1156 2282 turbare,

134 2333 167 2383 ct
187 2321 372 2404 ignavorum
396 2344 488 2405 saepe
516 2323 585 2386 telis
613 2322 776 2385 fortissimi
804 2323 923 2388 cadere.
966 2319 1051 2404 apud
1074 2320 1154 2382 Ger·

133 2456 243 2500 menos
263 2437 442 2501 inconsulta
462 2439 528 2502 ira:
557 2458 709 2502 romanus
730 2439 820 2500 miles
841 2439 1054 2520 periculorum
1079 2459 1155 2517 gna-

132 2569 190 2611 rus
213 2551 345 2614 ferratas
366 2551 475 2629 sudes,
497 2551 605 2631 gravia
626 2572 702 2613 saxa
722 2573 788 2615 non
810 2553 891 2613 forte
914 2553 1057 2629 jaciebat.
1099 2548 1155 2609 ubi

134 2665 258 2729 sonitus
279 2668 475 2729 molientium
501 2681 554 2730 aut
582 2669 742 2749 appositae
764 2669 865 2729 scalae
889 2667 1011 2728 hostem
1033 2664 1067 2725 in
1089 2684 1156 2724 ma·

134 2798 197 2841 nus
226 2776 393 2858 dederant,
422 2782 601 2863 propellere
628 2783 786 2858 umbone,
813 2782 880 2863 pilo
902 2778 1009 2863 sequi:
1042 2780 1157 2840 multos

134 2892 172 2953 in
202 2895 329 2955 moenia
359 2911 498 2972 egressos
529 2892 718 2973 pugionibus
752 2893 870 2959 fodere.
922 2890 974 2955 Sic
1005 2894 1158 2954 exhausta

134 3017 228 3069 nocte
249 3027 365 3071 novam
389 3006 486 3069 aciem
508 3003 574 3068 dies
596 3009 727 3089 aperuit.

225 3177 412 3244 Eduxerant
442 3178 554 3241 Batavi
586 3178 698 3240 turrim
726 3175 846 3257 duplici
874 3174 1031 3253 tabulato,
1063 3194 1158 3257 quam
1171 3180 1198 3241 4,
1206 3180 1243 3228 30

135 3296 312 3378 praetoriae
339 3310 449 3378 portae
477 3292 518 3380 (is
542 3294 748 3377 aequissimus
769 3286 871 3373 locus)
894 3290 1160 3373 propinquantem

135 3410 275 3491 promoti
301 3420 411 3473 contra
432 3407 529 3473 validi
550 3426 669 3470 asseres
691 3421 722 3471 et
748 3406 891 3469 incussae
912 3406 1016 3466 trabes
1039 3402 1160 3484 perire·

136 3543 210 3604 gere
246 3525 345 3587 mults
379 3524 622 3607 superstantium
659 3522 810 3605 pernicie.
860 3529 1095 3600 pugnatumque
1125 3515 1161 3576 in

136 3643 298 3722 perculsos
320 3642 425 3705 subita
452 3655 483 3706 et
502 3662 656 3724 prospera
678 3638 854 3720 eruptione.
901 3633 1003 3697 Simul
1024 3654 1042 3693 a
1064 3631 1162 3711 legio·

136 3755 235 3817 nsciis
265 3755 379 3837 peritia
410 3767 441 3817 et
470 3766 537 3817 arte
569 3752 800 3835 praestantibus
830 3751 923 3830 plura
953 3747 1163 3808 struebantur.

136 3870 343 3952 praecipuum
363 3890 514 3951 pavorem
534 3869 641 3931 intulit
662 3885 849 3950 suspensum
867 3876 898 3925 et
915 3874 1028 3923 nutans
1045 3860 1163 3922 machi-
1184 3861 1186 3864 ’

137 3994 340 4062 nomentum,
374 4003 438 4065 quo
469 3993 598 4064 repente
628 3977 763 4042 demisso
791 3988 918 4058 praeter
947 3994 1078 4037 suorum
1106 3994 1162 4037 ora
1247 3999 1253 4012 ⁸

137 4097 254 4177 siuguli
283 4098 428 4179 pluresve
457 4098 594 4161 hostium
627 4094 760 4158 sublime
791 4091 874 4175 rapti
900 4109 993 4155 uerso
1022 4086 1162 4171 pondere
1272 4123 1276 4132 ·
