2950 4775
331 337 374 403 32
669 332 731 401 EX
745 331 1009 407 ANNALIBUS

334 511 403 574 sciti
428 522 511 575 sunt.
553 512 722 574 Bructeros
751 531 808 574 sua
835 520 960 573 urentes
989 506 1135 592 expedita
1162 529 1234 571 cum
1253 528 1361 571 manu

334 629 451 691 Lucius
474 626 639 689 Stertinius
666 626 764 688 missu
785 615 965 689 Germanici
989 624 1087 701 fudit,
1115 626 1261 708 interque
1282 643 1361 687 cae·

335 744 406 807 dem
430 755 460 806 et
487 740 637 824 praedam
663 741 805 823 repperit
827 739 1076 804 undevicesimae
1104 740 1235 820 legionis
1263 742 1361 822 aqui·

334 862 398 922 lam
425 878 495 920 cum
522 857 610 918 Varo
633 856 787 917 amissam.
829 854 968 916 Doctum
990 852 1063 915 inde
1085 874 1194 933 agmen
1216 851 1256 914 ad
1279 854 1361 915 ulti-

335 992 404 1034 mos
438 972 681 1035 Bructerorum:
720 981 936 1053 quantumque
971 968 1120 1029 Amisiam
1156 981 1187 1029 et
1218 967 1361 1050 Lupiam

337 1106 443 1149 amnes
464 1087 546 1146 inter
568 1095 731 1160 vastatum,
756 1080 843 1143 haud
863 1083 974 1164 procul
995 1079 1242 1161 teutoburgiensi
1262 1082 1358 1157 saltu,

337 1204 371 1262 in
390 1221 454 1283 quo
471 1200 622 1282 reliquiae
638 1199 718 1260 Vari
735 1199 957 1282 legionumque
975 1197 1147 1278 insepultae
1162 1193 1360 1257 dicebantur.

253 1336 323 1401 gel
420 1316 520 1395 Igitur
552 1313 664 1397 cupido
698 1335 856 1381 caesarem
887 1312 1007 1378 invadit
1037 1310 1181 1376 solvendi
1208 1330 1360 1391 suprema

336 1428 488 1493 militibus
518 1427 671 1511 ducique,
697 1439 843 1510 permoto
868 1425 908 1489 ad
935 1426 1167 1488 miserationem
1193 1423 1279 1485 omni
1299 1421 1360 1506 qui

339 1543 446 1606 aderat
467 1542 605 1604 exercitu
627 1544 668 1604 ob
690 1543 906 1626 propinquos,
928 1541 1062 1616 amicos,
1083 1537 1219 1623 denique
1243 1539 1284 1599 ob
1305 1558 1361 1599 ca·

339 1678 393 1721 sus
416 1658 572 1719 bellorum
599 1668 629 1718 et
655 1668 773 1718 sortem
802 1654 978 1717 hominum.
1017 1651 1192 1715 Praemisso
1215 1648 1361 1726 Caecina,

340 1786 376 1835 ut
397 1776 518 1837 occulta
538 1775 674 1834 saltuum
695 1782 888 1834 scrutaretur
904 1783 1080 1853 pontesque
1100 1781 1132 1833 et
1152 1787 1276 1850 aggeres
1296 1767 1361 1827 hu-

340 1886 425 1951 mido
448 1884 600 1969 paludum
623 1900 654 1948 et
674 1885 837 1949 fallacibus
859 1887 975 1967 campis
996 1887 1188 1967 imponeret,
1209 1880 1361 1944 incedunt

340 2013 476 2064 moestos
503 2004 605 2079 locos,
636 1999 770 2083 visuque
799 2022 834 2062 ac
864 2001 1015 2064 memoria
1044 1999 1209 2062 deformes.
1256 1995 1362 2080 prima

340 2114 420 2176 Vari
449 2125 548 2176 castra
577 2116 642 2175 lato
675 2113 794 2175 ambitu
824 2127 854 2177 et
886 2114 1033 2177 dunensis
1067 2112 1230 2195 principiis
1261 2112 1361 2173 trium

340 2228 499 2308 legionum
519 2248 632 2292 manus
654 2231 870 2309 ostentabant,
902 2230 973 2293 dein
996 2230 1146 2293 semiruto
1165 2230 1269 2304 vallo,
1298 2230 1361 2290 hu·

341 2339 408 2401 mili
429 2341 512 2404 fossa
535 2342 651 2402 accisae
677 2347 740 2419 jam
767 2343 918 2427 reliquiae
944 2342 1117 2407 consedisse
1144 2341 1362 2422 intelligeban-

341 2468 412 2520 tur:
439 2455 543 2520 medio
566 2458 667 2539 campi
689 2459 832 2521 albentia
850 2480 929 2539 ossa,
951 2473 986 2521 ut
1009 2461 1162 2540 fugerant7
1183 2472 1220 2521 ut
1238 2459 1361 2521 restite·

341 2583 423 2652 rant,
446 2570 570 2652 disjecta
589 2575 641 2636 vel
658 2587 810 2655 aggerata.
855 2575 1037 2654 adjacebant
1054 2576 1206 2655 fragmina
1225 2577 1362 2637 telorum

344 2705 561 2768 equorumque
582 2698 685 2765 artus,
711 2687 805 2750 simul
827 2687 945 2750 truncis
967 2691 1117 2751 arborum
1138 2689 1273 2751 antefixa
1294 2709 1362 2751 ora.

343 2799 422 2862 lucis
440 2800 626 2883 propinquis
647 2802 801 2862 barbarae
825 2822 913 2879 arae,
941 2799 1027 2883 apud
1055 2823 1133 2886 quas
1157 2804 1301 2864 tribunos
1324 2824 1362 2865 ac

344 2914 519 2998 primorum
550 2915 698 2980 ordinum
722 2917 921 2979 centuriones
945 2930 1167 2981 mactaverant.
1208 2928 1239 2978 et
1268 2915 1362 2978 cladis

345 3034 412 3109 ejus
433 3031 632 3111 superstites,
659 3052 797 3112 pugnam
819 3043 873 3093 aut
893 3031 1019 3095 vincula
1040 3031 1155 3112 elapsi,
1185 3030 1364 3092 referebant

344 3143 396 3206 hic
425 3142 568 3205 cecidisse
596 3145 730 3222 legatos,
759 3143 823 3204 illic
851 3157 956 3225 raptas
985 3145 1121 3227 aquilas,
1149 3143 1287 3226 primum
1306 3141 1365 3205 ubi

344 3258 461 3318 vulnus
488 3257 576 3318 Varo
605 3254 767 3333 adactum,
798 3256 852 3318 ubi
880 3256 997 3319 infelici
1025 3257 1138 3321 dextra
1166 3272 1196 3320 et
1221 3278 1279 3321 suo
1299 3258 1364 3321 ictu

346 3383 480 3433 mortem
502 3371 676 3448 invenerit,
702 3392 767 3455 quo
794 3373 946 3434 tribunali
971 3373 1173 3437 concionatus
1194 3372 1365 3449 Arminius,

348 3498 426 3567 quot
454 3486 595 3566 patibula
626 3488 771 3568 captivis,
801 3509 880 3570 quae
905 3490 1048 3570 scrobes,
1081 3503 1179 3573 utque
1207 3489 1302 3570 signis
1332 3497 1365 3549 et

347 3599 460 3682 aquilis
480 3622 539 3682 per
557 3602 737 3683 superbiam
756 3602 899 3665 illuserit.

265 3740 335 3806 gea
431 3717 529 3796 Igitur
555 3739 705 3782 romanus
732 3718 788 3802 qui
813 3718 921 3782 aderat
949 3719 1121 3797 exercitus,
1151 3731 1275 3783 sextum
1294 3729 1366 3800 post

347 3830 442 3895 cladis
466 3855 584 3896 annum
605 3835 701 3897 trium
722 3835 881 3915 legionum
904 3855 990 3912 ossa,
1011 3837 1098 3895 nullo
1121 3847 1268 3897 noscente
1291 3834 1365 3895 alie-

348 3968 404 4009 nas
425 3948 574 4031 reliquias
596 3969 637 4008 an
663 3967 793 4009 suorum
819 3948 915 4010 humo
940 3958 1072 4028 tegeret,
1105 3967 1213 4009 ornnes
1234 3958 1270 4009 ut
1291 3966 1365 4008 con·

347 4066 486 4143 junctos,
508 4075 542 4125 ut
564 4061 827 4141 consanguineos,
857 4075 946 4126 aucta
966 4062 999 4123 in
1021 4062 1142 4124 hostem
1164 4063 1227 4140 ira,
1257 4058 1366 4123 moesti
