2950 4775
477 411 540 485 ux
563 409 817 484 autvimnos
862 389 865 393 ’
1110 403 1156 475 ts

217 596 294 661 Nox
315 589 424 659 essem
445 595 558 656 laetam
580 589 770 655 Germanico
793 586 929 672 quietem
951 584 1041 664 tulit,
1064 580 1157 649 vidit·
1170 584 1242 650 2,ss

135 733 200 798 qna
231 734 265 777 se
294 723 459 795 operatum
488 723 519 774 et
542 709 692 790 sanguine
715 705 796 769 saort
824 724 968 786 respersa
997 689 1159 784 praetexta

134 828 351 912 pulchriorem
384 827 479 887 aliam
510 823 656 887 inanibus
685 820 774 883 aviae
805 818 966 898 Augustae
998 816 1162 897 accepisse.

135 943 256 1005 Auetus
278 942 400 1017 omine,
432 938 649 1003 addicentibus
670 931 834 1019 auspiciis,
865 944 957 997 vocat
979 929 1162 993 concionem
1243 919 1247 926 ⁴

137 1068 170 1119 et
199 1051 280 1140 qua'e
308 1056 461 1137 sapientia
490 1046 635 1137 praevisa
663 1065 801 1136 aptaque
832 1047 1010 1113 imminenti
1038 1065 1163 1127 pugnae

138 1167 279 1235 disserit(
313 1165 388 1235 Non
410 1189 537 1252 campos
558 1161 653 1233 moilo
673 1170 767 1231 militi
787 1187 921 1231 romano
946 1164 985 1228 ad
1005 1162 1163 1246 proelium

138 1285 251 1365 bonos,
274 1283 330 1347 sed
351 1286 378 1346 si
397 1285 486 1350 ratio·
501 1283 582 1348 adsit
600 1285 694 1347 silvas
712 1279 749 1345 'et
771 1284 876 1347 sallus.
918 1299 976 1341 nee
999 1278 1082 1340 enim
1103 1276 1163 1336 im·

140 1419 250 1461 mensa
270 1401 477 1463 bumanorum
499 1411 604 1478 scuta,
635 1417 780 1460 enormes
806 1399 910 1458 hastas
930 1396 1016 1457 inter
1035 1404 1165 1453 trtvneos

142 1515 291 1576 arborum
314 1525 346 1574 et
367 1527 458 1577 enata
485 1507 583 1580 humo
610 1514 748 1595 virgulta
776 1511 909 1596 perinde
930 1508 1042 1572 haberi
1065 1521 1166 1590 'mam

141 1631 207 1711 pila
227 1629 258 1692 et
278 1629 396 1710 gladios
417 1644 450 1694 et
470 1631 633 1693 haerentia
653 1630 783 1713 corpori
803 1627 954 1710 tegmina·
981 1615 1167 1685 'denserent

142 1743 240 1822 iouis,
263 1745 330 1805 'ora
357 1744 562 1807 mucronibus
594 1755 801 1828 quaererent:
833 1760 899 1804 non
926 1729 1057 1802 loricam
1087 1734 1167 1797 Ger·

143 1877 256 1935 mano,
276 1877 343 1919 non
361 1858 496 1937 galeam,
521 1878 561 1921 ne
587 1869 674 1921 senta
696 1853 825 1940 quidem
845 1855 931 1916 ferro
953 1869 1092 1928 nervove
1112 1845 1169 1908 iir-

146 1986 247 2054 mata‚
278 1971 334 2036 sed
356 1973 505 2038 viminum
527 1985 631 2036 textus
652 1974 704 2037 vel
725 1986 835 2035 tenues
855 1972 973 2034 fucatas
995 1968 1101 2031 colore
1120 1979 1169 2028 ta·

146 2091 256 2152 badas:
289 2089 421 2171 primam
440 2101 603 2172 utcunque
626 2086 724 2151 aciem
745 2090 918 2158 hastulam,
946 2081 1057 2146 ceteris
1077 2071 1170 2162 prae·

147 2215 219 2265 usta
249 2215 304 2265 aut
331 2205 439 2267 brevia
467 2206 538 2268 tola.
587 2209 651 2281 jam
677 2223 793 2285 corpus
822 2213 860 2264 nt
886 2200 957 2267 visu
985 2210 1114 2262 torvum
1139 2205 1171 2257 et

145 2317 188 2380 ad
215 2321 344 2384 brevem
372 2320 527 2403 impetum
548 2319 705 2401 validum,
737 2319 782 2384 sie
805 2319 892 2380 nulla
919 2318 1088 2380 vulnerum
1113 2333 1171 2396 pa·

147 2435 274 2500 tientiae
313 2438 381 2500 sine
410 2437 535 2520 pudore
563 2428 686 2520 flagitii,
719 2439 787 2501 sine
819 2457 893 2499 eura
926 2433 1041 2497 ducum
1068 2431 1172 2516 abire,

149 2550 273 2629 iugero:
294 2549 427 2631 pavidos
449 2549 598 2631 adversis,
621 2551 706 2613 inter
727 2548 866 2613 secunda
889 2566 954 2611 non
976 2547 1085 2622 divini,
1107 2565 1173 2607 non

149 2662 279 2725 humani
297 2665 377 2742 juris
396 2684 561 2730 memores.
603 2667 631 2729 si
650 2665 757 2729 taedio
775 2666 901 2729 viarum
921 2687 957 2727 ac
971 2663 1066 2726 maris
1079 2660 1174 2722 finem

149 2778 294 2860 cupiant,
322 2781 381 2840 hae
402 2781 468 2842 aeis
495 2780 619 2861 pararit
650 2778 834 2863 propiorem
863 2784 926 2859 jam
951 2778 1056 2840 Albim
1079 2795 1174 2859 quam

148 2892 307 2970 Rhenum
328 2913 431 2976 neque
455 2895 573 2956 bellum
597 2895 691 2972 ultra,
714 2893 810 2958 modo
833 2914 866 2956 se
887 2896 985 2975 patris
1005 2882 1175 2974 pairuique

149 3004 279 3086 vestigia
304 3018 500 3088 prementem
527 3005 639 3070 iisdem
669 3007 819 3070 interris
841 3006 993 3071 victorem
1021 3004 1174 3068 sisterent.
1277 2994 1282 3004 ⁸

238 3115 424 3183 Orationem
450 3118 538 3182 ducis
561 3133 686 3183 secutus
714 3122 849 3182 militum
873 3118 968 3183 ardor
990 3119 1175 3202 signumque
1188 3123 1261 3188 215

151 3255 276 3316 pugnae
305 3233 423 3299 datum.
473 3233 542 3298 Neo
562 3232 724 3298 Arminius
747 3248 801 3298 ant
830 3237 925 3299 ceteri
945 3234 1177 3296 Germanorum

151 3362 300 3430 proceres
321 3349 507 3412 omittebant
529 3367 604 3412 suos
627 3350 761 3434 quisque
783 3349 910 3413 testari:
943 3351 1002 3413 hos
1025 3366 1092 3410 esse
1112 3345 1179 3408 Ro·

152 3485 265 3529 manos
294 3466 418 3529 veriani
449 3466 605 3529 exereitus
636 3465 868 3545 fugacissimos,
905 3465 961 3547 qui
990 3482 1030 3524 ne
1060 3463 1180 3524 bellum

152 3580 327 3642 tolerarent
358 3578 543 3643 seditionem
573 3581 752 3658 induerint,
793 3599 928 3664 quorum
959 3596 1033 3659 pars
1065 3587 1181 3661 pnusta

152 3692 339 3756 vulneribus
368 3705 506 3775 tergum,
537 3714 612 3777 pars
642 3696 791 3759 fluetibus
822 3706 854 3756 et
887 3693 1032 3776 procellis
1063 3693 1181 3754 stactus

154 3818 242 3868 artus
270 3806 402 3870 infensis
430 3828 559 3872 rursum
581 3811 759 3888 hostibus‚·
778 3808 916 3872 adversis
938 3807 998 3871 diis
1022 3778 1182 3885 objiciant,

155 3921 246 3983 nulla
266 3923 345 3986 boni
372 3924 440 4004 spe.
482 3926 610 3988 classem
641 3928 760 4008 quippe
794 3938 826 3990 et
854 3926 925 3990 avia
952 3924 1063 3988 oceani
1085 3940 1182 4006 quae·

155 4035 232 4115 sita,
262 4059 303 4099 ne
332 4040 404 4120 quis
423 4038 624 4104 venientibus
646 4056 840 4122 occurreret,
867 4063 909 4105 ne
929 4042 1038 4124 pulsos
1058 4057 1183 4121 preme·

155 4166 222 4215 ret:
256 4149 314 4216 sed
340 4154 397 4217 ubi
419 4154 602 4219 miscuerint
627 4176 758 4237 manus,
788 4159 884 4221 inane
907 4154 996 4221 vietis
1016 4165 1183 4217 ventorum
