2950 4775
469 385 533 459 ΒΧ
553 386 810 460 mutamus
1105 386 1147 453 41

129 560 253 647 aliaque
273 560 420 627 militaria
444 558 528 628 dona
547 574 718 645 memorat,
738 559 893 628 irridente
910 559 1054 629 mainis
1077 558 1153 627 uilia

128 679 246 747 servitii
266 678 417 762 praemis.
627 688 631 694 ’

214 793 299 856 Exin
329 793 445 859 diversi
471 795 650 861 ordiuntur.
691 793 743 859 hic
771 792 1016 875 magnitudinem
1047 790 1240 855 roma-²2¹⁰

130 928 222 988 nam,
252 929 329 992 opes
351 911 483 976 caesaris
504 912 644 977 strictis
664 929 775 992 grates
795 929 933 994 poenas,
960 908 997 971 in
1020 905 1154 971 deditio·

131 1044 205 1086 nem
225 1026 364 1091 venienti
392 1039 533 1109 paratam
555 1026 767 1104 clementiam,
795 1044 900 1110 nequa
930 1028 1093 1102 conjugem
1122 1031 1155 1082 et

130 1139 230 1203 lilium
253 1146 319 1221 ejus
338 1144 495 1207 hostiliter
515 1146 636 1209 haberi.
678 1145 731 1207 ille
753 1146 800 1207 fas
818 1137 957 1226 patriae,
977 1142 1156 1204 libertatem

132 1256 264 1335 avitam,
285 1260 458 1339 penetrales
480 1259 666 1323 Germaniae
687 1257 780 1336 deos,
800 1263 1083 1338 malrempre'cum
1103 1274 1156 1316 so·

133 1373 224 1449 ciam,
244 1394 284 1435 ae
307 1374 560 1459 propinquorum
580 1386 612 1440 et
631 1372 784 1451 affinium,
804 1370 939 1455 denique
961 1370 1061 1450 gentis
1080 1387 1156 1431 suae

134 1484 276 1549 desertor
296 1498 328 1549 et
346 1488 491 1570 proditor
509 1509 607 1574 quam
626 1488 802 1570 imperator
823 1495 894 1548 esse
910 1487 1026 1550 mallet.
1071 1483 1157 1544 Pau·

134 1601 221 1664 latim
240 1600 314 1664 inde
336 1602 377 1665 ad
395 1604 496 1686 jurgia
515 1603 657 1687 prolapsi
674 1624 739 1687 quo
761 1603 867 1666 minus
887 1621 1026 1683 pugnam
1048 1619 1158 1664 conse·

133 1727 242 1780 rorent
268 1721 310 1779 ne'
337 1716 467 1781 flumine
496 1716 625 1802 quidem
652 1718 815 1796 interjecto
845 1715 1090 1791 cohibebantur,
1123 1710 1159 1774 ni

135 1829 304 1896 Stertinius
332 1852 496 1896 accurrens
524 1835 654 1915 plenum
684 1834 769 1912 irae,
802 1852 951 1915 armaque
980 1841 1012 1892 et
1040 1848 1159 1912 equum

136 1958 318 2028 poscentem
337 1946 470 2011 ssavum
491 1948 674 2011 attinuisset.
717 1946 916 2009 Cernebatur
936 1953 1046 2008 contra
1065 1942 1159 2006 mini·

138 2060 297 2124 labuadus
319 2062 480 2124 Arminius
503 2063 725 2147 proeliumque
752 2060 951 2125 denuntians.
993 2080 1072 2120 ,nam
1093 2058 1160 2139 ple·

138 2195 238 2258 reque
267 2175 364 2237 latino
395 2196 539 2239 sermone
565 2175 800 2255 interiaciebat,
834 2187 869 2238 ut
891 2172 947 2258 qui
967 2172 1105 2236 mmanis
1124 2170 1160 2234 in

138 2289 246 2351 eastris
267 2286 380 2351 ductor
400 2290 605 2371 popularirun
624 2286 815 2353 meruisset'

134 2404 142 2414 '
223 2405 354 2466 Postero
376 2402 427 2465 die
449 2403 682 2466 Germanorum
702 2403 785 2467 acies
809 2415 897 2465 tram
917 2397 1078 2479 Visurgim
1098 2408 1160 2459 ste-
1174 2407 1243 2470 λιι

139 2516 188 2579 tit.
217 2538 335 2580 -caesar
355 2517 418 2580 nisi
437 2519 587 2599 pontibus
607 2516 834 2602 praesidiisque
855 2515 1009 2598 impositis
1030 2511 1106 2574 dare
1126 2512 1162 2573 in

140 2629 307 2693 missen
336 2633 475 2713 legiones
509 2631 596 2695 haud
629 2632 884 2715 imperatorium*
904 2643 991 2693 ratus
1024 2627 1161 2710 equitem

140 2743 220 2808 vado
240 2745 389 2811 mamutit.
429 2748 596 2829 praefuere
616 2745 785 2812 Stertinius
807 2762 837 2811 et
858 2770 875 2812 e
897 2766 1030 2809 numero
1052 2744 1163 2827 primi·

139 2861 286 2943 pilarium
314 2862 486 2943 Aemilius,
515 2862 703 2927 distantibus
731 2866 809 2929 locis
839 2865 955 2929 invecti
983 2863 1163 2929 uthostem

140 2975 334 3041 diducerent.
382 2975 456 3054 Qua
485 2981 666 3046 celerrimus
698 2984 817 3061 amnis,
853 2978 1064 3046 Chariovalda
1095 2977 1164 3041 dux

140 3094 334 3157 Batatmum
361 3094 478 3175 erupit.
519 3115 594 3158 eum
614 3094 766 3159 Cherusci
787 3099 893 3176 fugam
921 3097 1102 3159 simulantes
1128 3091 1162 3154 in

140 3211 303 3294 planitiem
329 3212 459 3275 saltibus
485 3211 715 3292 circumiectam
736 3225 881 3279 traxere:
914 3212 987 3275 dein
1010 3210 1112 3276 coorti
1133 3221 1164 3275 e't

142 3326 283 3412 undique
305 3328 397 3392 effusi
415 3327 555 3392 nudant
568 3329 727 3410 aduersos,
748 3332 865 3394 instant
887 3330 1079 3407 cedentibus,
1099 3328 1164 3392 col·

139 3436 299 3526 lectosque
319 3443 355 3506 in
375 3447 484 3508 orbem
505 3448 579 3530 pars
599 3448 769 3529 congressi,
791 3445 919 3530 quidam
942 3445 1063 3510 eminus
1087 3462 1165 3524 pro·

140 3554 288 3620 turbant·
333 3555 542 3624 Chariovalda
573 3559 629 3624 diu
661 3573 833 3625 sustentata
866 3561 1003 3625 hostium
1035 3558 1165 3623 saevitia
1216 3582 1221 3587 ·

140 3669 285 3732 hortatus
313 3690 388 3734 suos
414 3684 452 3733 ut
479 3671 660 3755 ingruentes
684 3687 824 3739 catervas
850 3677 944 3754 globo
975 3676 1165 3754 frangerent,

142 3795 237 3868 atqua
266 3785 396 3867 ipsein
428 3785 628 3853 densissimos
658 3810 827 3873 erumpens
857 3791 1008 3870 congestis
1034 3788 1105 3853 telis
1135 3797 1165 3851 el

142 3901 278 3964 suffosso
304 3920 392 3984 equo
420 3904 539 3967 labitur
566 3928 602 3970 ac
629 3907 720 3970 multi
741 3907 897 3971 nobilium
916 3906 1016 3968 circat
1046 3915 1165 3969 ceteros

142 4013 191 4078 vis
209 4034 268 4078 sua
288 4016 352 4081 aut'
362 4016 485 4101 eqtsites
505 4039 577 4085 oum
594 4017 745 4086 Stertinio
760 4021 958 4106 Aemilioque
975 4015 1164 4085 subuenien-

141 4140 188 4190 tss
209 4128 350 4210 periculo
369 4152 528 4198 uomere.-
