2950 4775
472 412 535 480 llll
558 410 794 481 HISTORIIS

433 810 504 884 EX
538 808 839 886 HISTORIIS.

208 1057 252 1145 (a.
274 1053 331 1144 69)
358 1068 486 1123 coortae
511 1054 546 1120 in
576 1076 636 1122 noa
664 1054 879 1125 Sarmatarum
908 1077 944 1120 ac
967 1052 1146 1125 suetorum
1159 1074 1212 1136 m

121 1188 244 1260 genter.
785 1179 788 1191 '

211 1286 255 1375 (a.
274 1283 331 1372 69)
354 1284 532 1350 Germanioi
546 1287 719 1365 exercitur,
744 1284 830 1371 quoa
850 1284 1214 1370 periculoaiaaimum1,e

123 1402 161 1465 in
193 1404 287 1466 tantis
318 1403 437 1466 viribus
444 1448 453 1481 ,
489 1405 613 1493 solliciti
644 1415 675 1467 et
705 1404 796 1469 irali:
834 1401 982 1487 superbia
1015 1404 1148 1467 recentia

123 1514 273 1580 uictoriae
294 1527 326 1578 et
343 1529 444 1579 metue
463 1528 613 1601 tanquam
635 1517 711 1579 aliae
730 1529 835 1600 partae
856 1518 1018 1584 Iovisaent.
1058 1515 1147 1582 tarde

125 1651 148 1692 a
167 1629 294 1692 Nerone
315 1626 528 1710 desciverant,
554 1651 612 1692 nec
633 1630 736 1695 atatim
760 1653 820 1713 pro
844 1631 947 1694 Galba
968 1629 1150 1711 Verginius.

127 1766 168 1807 an
189 1744 344 1828 imperare
363 1746 515 1810 uoluisset
540 1744 693 1811 dubiumr
723 1744 860 1810 &huam
879 1746 911 1809 ei
932 1767 951 1809 a
971 1746 1069 1808 milite
1089 1745 1150 1808 im-

125 1863 253 1945 perium
267 1863 482 1926 conveniebat.
524 1862 693 1943 Fonteium
706 1861 892 1945 Capitonem
904 1863 1042 1926 occisum
1056 1860 1150 1923 etiam

126 1979 186 2062 qui
205 1977 299 2062 queri
323 1997 389 2041 non
408 1989 556 2059 poterant
582 1990 689 2040 tamen
711 1975 967 2057 indignabantur.
1008 1972 1076 2036 dux
1094 1972 1151 2036 de-

129 2104 197 2155 erat
216 2090 349 2156 abducto
365 2090 517 2171 Verginio
537 2111 597 2173 per
618 2089 849 2153 simulationem
872 2088 1033 2166 amicitiae,
1055 2107 1151 2169 quem

127 2227 196 2271 non
215 2206 347 2283 remitti,
374 2215 468 2291 atque
489 2205 583 2272 etiam
602 2226 693 2271 reum
714 2224 781 2269 eoae
801 2210 952 2289 tanquam
972 2222 1067 2267 auum
1089 2198 1151 2263 cri·

126 2340 201 2382 mcn
222 2318 426 2403 accipiebant.

212 2431 367 2516 Superior
400 2430 554 2497 exercitus
585 2432 721 2513 legatum
752 2429 974 2496 Hordeonium
1003 2428 1150 2495 Flaccum
1165 2453 1215 2516 1‚o

125 2550 312 2629 spernebat,
340 2559 463 2612 senecta
490 2566 525 2609 ac
546 2543 705 2609 debilitato
724 2543 844 2627 pedum
864 2543 1054 2624 invalidum,
1082 2546 1150 2607 aine

122 2660 310 2738 commntia,
332 2659 399 2723 aine
416 2658 616 2723 auctoritate:
638 2678 680 2721 ne
701 2657 809 2742 quieto
831 2657 959 2742 quidem
980 2658 1077 2721 milite
1097 2678 1150 2719 re-

126 2775 247 2853 gimen,
280 2770 358 2837 adeo
383 2774 523 2837 furenter
548 2770 728 2836 infirmitate
750 2771 913 2836 retinentia
934 2776 1018 2837 clitro
1041 2794 1151 2837 accen·

128 2885 296 2950 debantum
353 2885 517 2950 Inferioria
548 2884 736 2948 Germaniae
766 2886 904 2967 legiones
935 2884 1051 2950 diutina
1082 2886 1149 2950 aine

128 3001 287 3064 consulari
322 3001 430 3073 fuere,
465 2997 564 3062 donec
596 2998 693 3062 miaau
724 2998 843 3062 Galbae
873 3000 975 3064 Anlua
1004 2999 1150 3063 Vitellius

127 3108 252 3194 aderat,
283 3119 421 3180 centoria
441 3114 562 3181 Vitellii
584 3135 620 3178 ac
647 3127 697 3178 ter
716 3114 855 3179 conattlir
883 3115 977 3179 Iiliua.
1017 3113 1052 3177 id
1075 3114 1151 3178 aatie

126 3230 305 3298 ridebatur.

214 3342 258 3429 (a.
279 3340 334 3427 69)
360 3340 424 3406 Sed
445 3341 546 3410 Galba
565 3355 638 3427 poet
659 3343 788 3408 nuntiet
808 3342 1002 3426 germanicae
1022 3340 1234 3436 ecditio-1‚14

126 3458 197 3537 nie,
232 3478 414 3542 quanquam
436 3456 516 3518 nihil
539 3455 641 3521 adbuc
663 3454 702 3519 de
722 3457 851 3522 Vitellio
872 3470 1008 3535 eertum,
1035 3455 1149 3519 anxius

127 3592 269 3656 quonam
289 3570 484 3634 exercituum
504 3570 552 3636 uia
574 3584 768 3653 erumperet,
799 3592 840 3633 ne
871 3572 994 3634 urbano
1023 3568 1150 3653 quidem

126 3685 220 3750 militi
242 3684 394 3762 conflans,
424 3679 510 3766 quod
531 3682 706 3747 remedium
726 3684 857 3747 unicum
875 3686 1022 3765 rebatur,
1053 3685 1150 3747 oemi-

127 3801 173 3864 tia
192 3798 318 3882 imperii
336 3797 489 3877 transigit.

214 3910 256 3997 (a
279 3908 335 3997 69)
362 3910 584 3976 GrebrIoribua
610 3911 643 3973 in
668 3908 734 3973 dica
755 3910 950 3991 germanicae
961 3909 1149 3975 defectionis
1166 3934 1234 4000 ma

127 4027 249 4088 nuntiis
271 4037 303 4088 et
324 4023 410 4087 facili
434 4025 556 4090 civitate
584 4021 624 4086 ad
645 4022 825 4105 accipienda
847 4024 1063 4108 credendaque
1084 4043 1150 4088 om·

128 4140 184 4202 nia
207 4160 301 4219 nova,
323 4160 422 4224 quum
442 4139 541 4205 trintia
563 4152 645 4221 eunt,
667 4154 853 4204 censuerant
867 4153 971 4222 patrea
985 4138 1152 4203 mittendos

850 4262 868 4316 5
