2950 4775
327 348 371 416 ss
665 349 728 418 nx
750 332 1011 419 subtusus

246 547 272 610 1,
281 546 318 597 ω
413 519 563 586 Nuntiata
585 542 623 585 ea
643 520 808 586 Tiberium
830 523 947 587 laetitia
970 542 1108 607 curaque
1130 521 1273 585 sifacem.

246 653 273 717 1,
281 655 317 706 stt
416 636 459 717 (a.
485 636 540 719 15)
569 636 678 702 Druso
705 660 846 718 caesare,
878 637 954 717 Cajo
981 626 1135 702 Norbano
1166 634 1350 699 consulibus

330 746 507 813 decernitur
529 750 715 815 Germanico
743 753 922 834 triumphus
950 764 1095 815 manente
1124 746 1226 830 bello,
1260 747 1351 833 quod

331 886 513 951 quanquam
531 868 566 930 in
589 881 737 932 aestatem
757 891 879 933 summa
900 889 960 952 ope
981 872 1129 951 parabat,
1149 867 1239 930 initio
1263 865 1349 930 seris

331 993 362 1044 et
389 982 553 1063 repentino
581 984 616 1045 in
645 983 775 1047 Chattos
804 1006 939 1048 excursu
968 986 1137 1067 praecepit.
1178 1001 1253 1043 nam
1276 999 1349 1061 spes

329 1096 497 1158 incesserat
526 1095 676 1160 dissidere
704 1099 829 1161 hostem
850 1099 887 1160 in
906 1097 1085 1160 Arminium
1115 1117 1150 1157 ac
1180 1093 1350 1174 Segestem,

330 1211 482 1292 insignem
504 1222 672 1294 utrumque
694 1211 825 1293 perfidia
847 1211 881 1273 in
903 1233 962 1276 nos
987 1225 1042 1274 aut
1061 1209 1133 1272 fide.
1186 1207 1349 1271 Arminius

330 1328 474 1389 turbator
495 1324 700 1405 Germaniae,
715 1358 719 1364 ’
734 1324 875 1406 Segestes
904 1328 1010 1408 parari
1029 1325 1233 1389 rebellionem
1255 1342 1350 1401 saepe

332 1439 407 1502 alias
435 1452 466 1503 et
495 1459 642 1520 supremo
672 1439 837 1519 convivio,
869 1452 941 1520 post
968 1438 1056 1523 quod
1085 1440 1119 1500 in
1153 1458 1240 1499 arma
1267 1435 1349 1496 itum

333 1554 473 1636 apemsit:
504 1553 663 1636 suasitque
684 1555 774 1616 Varo
795 1566 831 1616 ut
858 1567 945 1618 sset
971 1555 1150 1617 Arminium
1177 1564 1207 1615 et
1228 1562 1349 1613 ceteros

330 1684 476 1746 proceres
510 1663 661 1745 vinciret3
699 1665 779 1727 nihil
813 1685 961 1728 ausuram
994 1667 1120 1749 plebem
1155 1662 1349 1750 principibus

331 1777 452 1854 amotis,
473 1789 567 1861 atque
588 1777 650 1860 ipsi
670 1789 795 1859 tempus
817 1779 887 1840 fore
908 1798 973 1862 quo
996 1779 1126 1840 crimina
1149 1789 1180 1839 et
1198 1776 1349 1840 innoxios

331 1882 532 1956 discerneret.
575 1891 630 1956 sed
649 1892 755 1956 Varus
774 1895 841 1957 fato
864 1906 895 1956 et
915 1893 948 1958 vi
971 1894 1104 1957 Arminii
1133 1892 1249 1957 cecidit.
1291 1891 1350 1955 Se·

331 2022 429 2091 gestes
451 2029 633 2092 quanquam
657 2028 811 2073 consensu
832 2010 931 2090 gentis
955 2007 990 2070 in
1009 2010 1128 2072 bellum
1147 2020 1263 2070 tractus
1285 2004 1350 2068 dis·

332 2144 402 2187 cors
431 2126 594 2201 manebat,
627 2124 725 2187 auctis
756 2125 904 2207 priuatim
939 2122 1037 2203 odiis,
1069 2121 1155 2207 quod
1187 2120 1349 2185 Arminius

331 2237 427 2302 filiam
457 2241 524 2315 ejus
551 2236 607 2298 alii
633 2249 756 2318 pactam
781 2252 946 2320 rapuerat,
972 2258 1069 2318 gener
1089 2236 1209 2301 invisus
1230 2234 1350 2297 inimici

331 2353 448 2416 soceris
477 2372 620 2437 quaeque
642 2350 726 2435 apud
748 2350 917 2418 concordes
938 2352 1064 2419 vincula
1085 2353 1219 2424 caritatis
1237 2352 1350 2417 incita·

330 2478 436 2529 menta
455 2466 575 2527 irarum
596 2466 681 2547 apud
701 2469 843 2531 infensos
865 2480 965 2533 erant.

249 2590 318 2654 mo
415 2582 515 2660 Igitur
536 2579 742 2642 Germanicus
761 2592 908 2661 quattuor
931 2578 1077 2659 legiones,
1098 2578 1237 2662 quinque
1258 2577 1350 2641 auxi·

329 2693 454 2755 lineium
475 2694 573 2756 millia
596 2706 626 2756 st
651 2694 870 2756 tumultuarias
893 2707 1031 2758 catervas
1052 2693 1283 2756 Germanorum
1303 2692 1348 2754 cis

330 2806 477 2868 Rhenum
509 2807 677 2870 colentium
707 2805 859 2870 Caecinae
891 2805 1004 2885 tradit,
1039 2806 1168 2870 totidem
1197 2808 1347 2889 legiones,

331 2919 488 3001 duplicem
515 2921 671 2982 sociorum
693 2941 861 2983 numerum
887 2921 956 3001 ipse
979 2918 1079 2998 ducit,
1109 2922 1275 3005 positoque
1296 2943 1349 2985 ca·

331 3038 421 3099 stello
443 3056 538 3117 super
566 3035 694 3115 vestigia
721 3034 846 3117 paterni
867 3033 1017 3117 praesidii
1043 3035 1078 3096 in
1106 3047 1212 3098 monte
1233 3038 1348 3101 Tauno

331 3147 511 3231 expeditum
538 3150 710 3212 exercitum
733 3153 768 3213 in
797 3151 926 3215 Chattos
952 3150 1052 3233 rapit,
1082 3150 1182 3215 Lucio
1203 3152 1349 3235 Apronio

331 3259 372 3322 ad
392 3262 581 3325 munitiones
609 3263 733 3327 viarum
762 3276 792 3325 et
821 3262 987 3326 fluminum
1016 3265 1136 3327 relicto.
1186 3287 1260 3328 nam
1281 3264 1350 3350 (ra-

331 3394 403 3437 rum
422 3375 469 3437 illi
490 3371 592 3459 coelo)
622 3376 756 3438 siccitate
781 3388 812 3438 et
833 3377 976 3438 amnibus
1005 3375 1134 3469 modicis
1156 3378 1349 3442 inoffensum

331 3489 392 3551 iter
411 3503 653 3573 properaverat,
677 3493 855 3574 imbresque
878 3504 909 3553 et
928 3485 1091 3554 fluminum
1114 3504 1223 3555 auctus
1243 3512 1350 3572 regre-

332 3600 431 3667 dienti
452 3608 658 3669 metuebatur.
701 3606 764 3670 Sed
789 3606 908 3669 Chattis
932 3605 1010 3671 adeo
1037 3608 1226 3689 improvisus
1254 3607 1351 3671 adve-

332 3717 396 3797 nit,
426 3730 463 3780 ut
490 3718 577 3801 quod
604 3721 797 3782 imbecillum
820 3732 918 3783 aetate
942 3742 977 3783 ac
999 3723 1203 3783 sexu-statim
1224 3735 1350 3803 captum

333 3844 388 3893 aut
418 3830 607 3895 trucidatum
639 3834 696 3911 sit,
727 3838 873 3910 juventus
902 3831 1019 3896 flumen
1049 3833 1209 3895 Adranam
1241 3833 1348 3899 nando

333 3949 509 4010 tramiserit.
561 3948 783 4031 Romanosque
814 3961 943 4030 pontem
975 3961 1152 4031 coaptantes
1183 3952 1349 4014 arcebant:

334 4059 406 4123 (lein
432 4063 594 4123 tormentis
622 4060 799 4145 sagittisque
823 4064 921 4143 pulsi,
955 4064 1078 4126 tentatis
1101 4065 1218 4155 irustra
1240 4063 1348 4126 condi·
