2950 4775
507 277 569 347 EX
597 277 833 348 flts't'ontts
1121 285 1183 351 115

159 438 225 517 dus
247 452 307 515 sibi
328 450 463 515 delectos
484 452 656 516 retinuerat
679 452 718 515 ad
742 455 921 535 improvisa.
966 455 1072 517 Civilis
1095 456 1180 517 haud

156 579 304 649 porrecto
326 565 447 646 agmine
469 564 523 628 sed
546 568 652 631 cuneis
674 567 800 630 adstitit.
846 569 955 631 Batavi
979 570 1179 651 Gugernique

155 684 190 744 iu
217 681 347 759 dextro,
373 685 463 745 laeva
484 705 519 745 ac
539 685 691 766 propiora
716 682 855 744 fluminis
879 670 1113 746 Transrhenani
1135 696 1179 745 te·

156 817 264 859 nuere.
305 797 492 862 Exhortatio
509 795 622 861 ducum
641 819 705 862 non
724 817 813 859 more
831 801 989 861 concionis
1008 798 1090 879 apud
1108 801 1178 860 uui·

154 929 279 987 versos,
299 909 354 974 sed
378 922 415 973 ut
441 932 582 995 quosque
608 924 737 975 suarum
761 909 1004 975 advehebantur.
1049 911 1178 973 Cerialis

147 1037 291 1089 veterem
318 1026 442 1088 romani
470 1024 606 1089 nominis
633 1027 782 1106 gloriam,
813 1025 956 1108 antiquas
976 1037 1176 1107 recentesque

152 1132 317 1197 victorias:
339 1146 375 1196 ut
395 1133 557 1216 perfidum,
574 1134 731 1216 ignavum,
751 1133 871 1198 victum
887 1134 1007 1196 hostem
1025 1135 1056 1193 in
1077 1146 1175 1195 aeter-

126 1270 231 1310 »num
252 1247 432 1313 exciderent
456 1251 574 1314 ultione
605 1253 701 1331 magis
724 1270 820 1333 quam
848 1250 970 1331 proella
994 1270 1074 1330 opus
1099 1270 1175 1312 esse.

152 1364 316 1442 pauciores
338 1384 441 1445 nuper
461 1364 697 1444 cumpluribus
718 1375 868 1440 certasse,
899 1383 934 1422 ac
963 1375 1066 1423 tannen
1087 1363 1174 1424 fusos

152 1477 345 1556 Germanos,
377 1479 462 1564 quod
493 1480 619 1543 roboris
646 1479 753 1542 luerit.
796 1498 959 1560 superesse
987 1480 1041 1565 qui
1069 1479 1171 1557 lugam

143 1592 278 1670 animis,
305 1593 361 1676 qui
381 1593 514 1656 vulnera
535 1604 622 1674 tergo
643 1593 757 1653 ferant.
798 1593 948 1672 ProprIos
969 1590 1042 1651 iude
1065 1592 1172 1652 stimu-

148 1707 196 1768 los
216 1704 392 1786 legionibus
423 1705 610 1771 admovebat
638 1704 807 1767 domitores
834 1704 1016 1766 Britanniae
1046 1719 1171 1787 quarta·

149 1818 338 1883 decumanos
361 1822 538 1901 appellans,
563 1819 736 1901 principem
759 1818 891 1881 Galbam
913 1832 1017 1884 sextae
1040 1821 1170 1900 legionis

149 1934 331 1999 auctoritate
359 1936 492 2014 lactum,
520 1935 576 1999 illa
603 1937 741 2017 primum
771 1936 848 1999 acie.
864 1935 1058 2000 secundanos
1087 1959 1170 2001 nora

148 2048 236 2129 signa
254 2070 433 2133 novamque
456 2048 594 2132 aquilam
615 2046 782 2112 dicantros.
822 2050 905 2112 Hinc
927 2064 1107 2132 praevectus
1129 2049 1168 2112 ad

146 2163 359 2244 germanicum
380 2162 552 2225 exercitum
573 2182 683 2225 manus
703 2160 867 2240 tendebat,
893 2176 929 2224 ut
950 2184 1036 2225 suam
1060 2164 1168 2244 ripam,

145 2290 319 2341 anacastra
339 2275 490 2355 aengtdne
507 2274 646 2339 hostium
666 2288 898 2358 recuperarent.
940 2276 1082 2339 Alacrior
1101 2295 1167 2337 om-

143 2395 234 2457 nium
257 2396 383 2471 elamor,
407 2392 478 2477 quis
499 2395 551 2458 rel
571 2414 612 2455 ex
632 2394 726 2474 longa
749 2411 825 2476 pace
846 2392 961 2476 proelii
980 2391 1095 2474 cupido
1116 2395 1167 2457 vel

143 2508 233 2571 fessis
261 2508 345 2570 bello
374 2506 462 2590 pacis
490 2525 580 2570 amor
606 2507 810 2592 praemiaque
840 2519 870 2570 et
891 2497 980 2590 quies
1005 2506 1038 2567 in
1062 2519 1166 2589 poste·

141 2642 214 2685 rum
236 2625 432 2704 sperabatur.

226 2734 294 2799 Nec
315 2733 424 2797 Civilis
449 2733 592 2796 silentem
620 2733 735 2794 struatis
760 2733 875 2812 aciem,
908 2735 1013 2796 lecum
1040 2751 1162 2813 pugnae
1176 2744 1248 2807 s,1t

140 2859 250 2913 testem
278 2848 403 2915 virtutis
430 2850 525 2912 ciens.
568 2859 650 2911 stare
678 2848 853 2912 Germanos
882 2849 1080 2931 Batavosque
1110 2868 1162 2908 su-

139 2985 198 3046 per
220 2963 348 3044 vestigia
370 2962 503 3043 gloriae,
524 2938 643 3027 cineres
665 2984 798 3048 ossaque
820 2964 978 3044 legionum
1000 2964 1161 3024 calcantes.

142 3100 330 3163 quocunque
354 3078 463 3141 oculos
482 3076 644 3140 Romanus
663 3075 850 3156 intenderet,
870 3077 1078 3158 captivitatem
1099 3077 1161 3136 cla·

140 3194 275 3277 demque
303 3204 335 3255 et
362 3190 432 3255 dira
453 3192 560 3256 omnia
578 3194 749 3258 obversari.
792 3214 832 3256 ne
855 3203 1051 3256 terrerentur
1072 3192 1159 3252 vario

139 3307 284 3372 treverici
308 3306 421 3388 proelii
443 3318 567 3369 eventu.
614 3327 704 3369 suam
725 3305 972 3371 illic'victoriam
995 3301 1159 3365 Germanis

140 3422 311 3500 obstitisse,
340 3420 417 3484 dum
445 3421 566 3483 omissis
592 3422 662 3483 telis
682 3421 801 3505 praeda
825 3440 935 3483 manus
962 3416 1158 3500 impediunt:

139 3534 195 3597 sed
225 3547 334 3599 cuneta
363 3553 439 3597 mox
468 3553 619 3615 prospera
647 3548 679 3596 et
706 3536 790 3598 hosti
820 3535 977 3598 contraria
1007 3532 1157 3594 evenisse.

138 3668 221 3730 qnae
241 3646 403 3728 provideri
424 3659 493 3709 astu
514 3644 603 3710 ducis
624 3651 801 3729 oportuerit
819 3648 1009 3731 providisse,
1029 3665 1155 3726 campos

74 3801 76 3804 -
137 3759 297 3825 madentes
315 3774 347 3824 et
365 3762 441 3843 ipsis
459 3784 581 3843 gnaros,
599 3765 729 3847 paludes
747 3767 891 3827 hostibus
907 3765 1030 3826 noxias.
1071 3761 1155 3822 Rhe·

136 3894 214 3942 num
244 3886 276 3937 et
304 3874 490 3938 Germaniae
519 3876 595 3940 deos
623 3877 658 3939 in
680 3888 827 3960 aspectu,
861 3897 997 3961 quorum
1025 3876 1154 3935 numine

138 4002 333 4070 capesserent
354 4012 508 4071 pugnant,
536 3997 721 4072 conjugum,
743 4004 927 4076 parentum,
949 3991 1066 4075 palliae
1088 4010 1155 4051 me·

850 4105 897 4168 g*
