2950 4775
465 413 528 485 EX
548 413 785 484 HISTORIIS
1073 419 1137 489 too

118 596 207 661 ribus
236 616 341 683 quove
369 605 485 660 eventu
505 591 681 676 germanica
703 595 787 658 bella
807 598 1040 684 tractaverimus
1062 599 1136 661 satis

119 714 249 777 clarum.
290 710 358 775 Nec
380 708 453 772 ideo
473 708 622 773 Rhenum
645 707 816 773 Insedimus
837 723 874 773 ut
893 712 1014 777 ltaliam
1031 725 1135 777 tuere·

119 847 206 906 mur,
232 823 287 891 sed
308 846 349 888 ne
374 826 445 910 quis
466 827 546 889 alius
565 824 743 890 Ariovistus
764 846 862 907 regno
884 826 1056 891 Galliarum
1077 850 1136 912 po·

119 941 240 1004 tiretur.
281 961 323 1002 an
350 961 406 1005 vos
432 941 567 1003 cariores
588 937 682 1004 Civili
701 940 893 1024 Batavisque
921 951 954 1003 et
976 944 1137 1004 transrhe-

120 1055 213 1118 nanis
240 1054 385 1135 gentibus
415 1052 540 1117 creditis
570 1074 665 1137 quam
693 1053 865 1134 maioribus
894 1072 1003 1117 eorum
1034 1066 1138 1137 patres

120 1171 236 1255 avique
259 1171 353 1237 vestri
378 1165 530 1233 suerum?
563 1167 673 1233 eadem
701 1190 826 1252 semper
854 1191 946 1233 eausa
973 1169 1138 1234 Germanis

118 1283 375 1350 transscendendi
400 1284 433 1347 in
462 1284 595 1363 Gallias,
625 1281 725 1348 libido
752 1295 845 1368 atque
866 1285 995 1350 avaritia
1017 1298 1049 1348 et
1068 1306 1139 1348 mu·

119 1399 234 1464 tandae
256 1398 339 1464 sedIs
359 1419 466 1477 amor,
487 1410 522 1461 ut
541 1396 657 1461 relictis
676 1394 846 1480 paludibus
868 1411 898 1463 et
918 1397 1140 1467 solitudinibus

120 1516 186 1578 suis
207 1513 462 1578 fecundissimum
482 1516 544 1579 boc
563 1516 666 1579 solum
685 1535 806 1600 vosque
827 1515 913 1599 ipsos
934 1515 1141 1598 possiderent.
1194 1595 1198 1602 ι

120 1641 258 1691 ceterum
281 1629 409 1691 libertas
432 1638 463 1691 et
485 1626 626 1710 speciosa
647 1629 777 1691 nomina
800 1642 1047 1712 praetexuntur:
1082 1651 1139 1693 nec

120 1746 288 1830 qsrisquam
310 1744 447 1807 alienum
473 1744 636 1809 servitium
662 1755 694 1808 et
715 1742 961 1809 dominationem
982 1744 1043 1811 sibi
1064 1767 1140 1809 con·

121 1845 242 1943 cupivit
267 1871 305 1923 ut
326 1880 392 1922 non
413 1857 533 1921 eadem·
547 1856 608 1920 ista
634 1859 788 1923 vocabula
815 1872 991 1941 usurparet.
1031 1857 1140 1940 Regna
1153 1864 1224 1930 tat

119 1973 268 2058 bellaque
295 1996 354 2057 per
375 1972 492 2039 Gallias
520 1992 644 2054 semper
671 1974 780 2051 fuere,
810 1970 910 2036 donec
934 1974 969 2035 in
995 1986 1140 2055 nostrum

120 2092 171 2165 jus
194 2087 412 2151 concederetis.
454 2106 530 2165 nos,
558 2105 740 2169 quanquam
760 2084 874 2148 totiens
894 2087 1043 2164 lacessiti,
1071 2090 1140 2165 jure

121 2200 272 2264 victoriae
299 2200 333 2264 id
359 2202 463 2264 solum
491 2200 582 2268 vobis
611 2197 787 2263 addidimus
816 2220 883 2284 quo
906 2220 1014 2282 pacem
1037 2212 1141 2263 tuere·

119 2337 205 2378 mur.
248 2336 320 2377 nam
342 2336 445 2400 neque
466 2316 556 2400 quies
576 2315 715 2397 gentium
734 2315 802 2377 sine
819 2314 914 2377 armis
931 2335 1034 2399 neque
1055 2336 1141 2377 arma

120 2430 190 2493 sine
204 2427 366 2513 stipendiis
380 2452 486 2515 noque
499 2428 654 2512 stipendia
669 2430 735 2493 sine
747 2428 874 2492 tributis
887 2429 998 2492 haberi
1011 2444 1141 2514 queunt.
1214 2443 1217 2448 ’

121 2556 224 2607 cetera
239 2544 274 2606 in
295 2545 455 2607 communi
474 2545 534 2608 sita
550 2555 634 2606 sunt.
676 2543 738 2624 ipsi
757 2543 945 2628 plerumque
964 2543 1139 2624 legionibus

120 2659 238 2723 nostris
259 2657 460 2742 praesidetis,
489 2658 552 2741 ipsi
576 2660 635 2721 iras
655 2660 796 2743 aliasque
818 2658 996 2740 provincias
1018 2658 1140 2740 regitist

120 2774 202 2836 nihil
230 2785 407 2855 separatum
438 2774 627 2837 clausumve.
674 2786 707 2836 et
732 2769 935 2836 laudatorum
963 2772 1140 2856 principum

120 2906 198 2950 usus
220 2900 383 2968 exaequo
406 2884 549 2969 quamuis
573 2885 686 2967 procul
712 2885 894 2966 agentibust
923 2885 1009 2951 saevi
1029 2886 1140 2969 proxi·

120 3003 181 3065 mis
202 3003 362 3083 ingruunt.
403 2999 564 3085 monsedo
589 3000 783 3065 sterilitatem
809 3014 863 3065 aut
890 3002 1004 3066 nimios
1023 3001 1140 3066 imbres

121 3132 155 3184 et
176 3133 278 3183 cetera
302 3131 432 3182 naturae
454 3119 553 3197 mala,
580 3117 626 3180 ita
647 3117 760 3179 luxum
781 3118 833 3182 val
856 3116 1020 3182 avaritiam
1040 3114 1141 3181 domi·

121 3233 268 3297 nantium
288 3233 429 3297 tolerate.
468 3231 545 3298 vitia
565 3241 672 3307 erunt,
698 3226 800 3293 donec
820 3229 980 3309 homines,
1008 3229 1064 3294 sed
1085 3252 1142 3293 ne·

122 3371 187 3434 que
214 3351 292 3411 haec
320 3347 467 3411 continua
495 3359 525 3410 et
551 3346 719 3409 meliorum
747 3344 930 3410 Interventu
958 3358 1143 3428 pensantur.

120 3465 194 3530 Nisi
222 3465 304 3528 forte
335 3464 456 3525 Tutore
486 3475 518 3527 et
548 3461 686 3527 Classico
715 3459 920 3540 regnantibus
950 3456 1143 3523 moderatius

122 3578 291 3659 imperium
320 3578 468 3659 speratis,
498 3589 552 3639 aut
579 3576 756 3639 minoribus
783 3594 879 3658 quam
906 3594 992 3638 nuno
1016 3573 1143 3637 tributis

121 3697 322 3777 parabuntur
341 3694 515 3772 exercitus,
544 3693 660 3779 quibus
686 3691 836 3757 Germani
859 3688 1067 3777 Britannique
1092 3713 1142 3753 ar-

123 3821 264 3873 ceantur.
316 3829 390 3871 nam
419 3809 534 3892 pulsis,
568 3807 654 3894 quod
683 3806 728 3872 dii
755 3807 961 3890 prohibeant,
990 3807 1141 3872 Romanis

123 3920 202 4006 quid
231 3919 316 3984 aliud
345 3942 440 4005 quam
467 3922 550 3985 bella
576 3920 716 3984 omnium
744 3920 828 3983 inter
854 3940 888 3984 se
917 3904 1056 4002 gentium
1086 3943 1141 3985 ex·

123 4032 254 4100 sistent?
288 4036 538 4117 octingentorum
570 4057 726 4100 annorum
756 4034 886 4101 fortuna
915 4035 1140 4122 disciplinaque

85 4166 88 4171 ’
124 4169 288 4232 compages
316 4151 393 4212 baec
423 4149 556 4228 coaluit,
588 4168 670 4233 quae
695 4150 828 4215 convelli
853 4150 921 4213 sins
948 4152 1044 4215 exitio
1066 4171 1142 4215 can·
