2950 4775
520 350 754 422 auunculo
1105 348 1149 414 23

128 533 261 616 cedunt,
293 547 395 601 truces
418 533 530 601 insitae
558 535 674 600 feritati
699 546 767 599 arte
796 555 832 598 ac
860 545 1000 616 tempore
1028 529 1146 592 lenoci-

128 664 264 715 nantur:
298 650 391 732 nigra
419 664 521 728 scuta,
552 651 648 714 tincta
668 670 818 732 corpora,
852 661 934 711 atras
956 645 995 709 ad
1024 645 1146 728 proelia

128 780 236 832 noctes
264 769 388 847 legunt,
420 767 551 851 ipsaque
578 764 747 829 fomnidine
778 777 872 847 atque
900 768 1013 827 umbra
1039 762 1143 824 feralis

128 881 280 945 exercitus
308 894 461 944 terrorem
488 884 665 962 inferunt;¹
685 882 775 943 nullo
803 877 941 942 hostium
971 878 1143 940 sustinente

31 1010 35 1013 ’
125 987 245 1058 no'vum
262 1016 298 1058 ac
312 997 400 1060 velut
414 996 575 1059 infernum
591 1009 768 1081 aspectum:
792 1015 865 1057 nam
882 993 976 1077 primi
988 991 1023 1052 in
1041 989 1142 1053 omni-

124 1112 184 1174 bus
211 1111 340 1194 proeliis
368 1113 452 1176 oculi
479 1113 658 1178 vincuntur.
710 1114 812 1175 Trans
841 1110 958 1194 Lygios
980 1108 1142 1171 Gethones

123 1240 304 1308 regnantur,
327 1231 422 1311 paulo
442 1233 504 1307 jam
527 1228 689 1292 adductius
712 1248 809 1312 quam
830 1237 949 1290 ceterae
967 1221 1141 1284 Germano·

122 1360 195 1403 rum
213 1357 335 1424 gentes,
356 1342 497 1407 nondum
519 1356 623 1408 tamen
647 1366 743 1428 supra
764 1343 951 1405 libertatem.
991 1336 1140 1401 Protinus

124 1438 237 1517 deinile
261 1458 301 1519 ab
330 1477 447 1519 oceano
474 1457 569 1538 Rugii
597 1469 629 1521 et
654 1455 808 1520 Lemovii.
849 1451 1062 1535 Omniumque
1083 1451 1140 1511 ha·

122 1585 194 1626 rum
221 1566 359 1646 gentium
391 1569 511 1649 insigne
540 1568 679 1633 rotunda
709 1582 813 1647 scuta,
843 1572 955 1633 breves
985 1562 1078 1646 gladii
1109 1572 1140 1623 et

120 1695 193 1757 erga
212 1651 302 1757 reges
323 1680 520 1763 obsequium.

203 1778 371 1857 Suionum
383 1794 457 1855 hinc
479 1793 627 1873 civitates,
647 1791 718 1875 ipso
740 1794 775 1858 in
796 1799 923 1872 oceano,
943 1801 1068 1874 praeter
1088 1784 1137 1850 vi·
1149 1792 1186 1843 44

111 1921 173 1968 ‚roe
199 1925 349 1989 uncaque
378 1907 526 1972 classibus
554 1909 670 1973 valent.
719 1909 822 1972 forma
848 1908 976 1973 navium
1007 1925 1046 1967 eo
1076 1901 1137 1965 dii·

106 2019 198 2103 fert,
237 2021 325 2103 quod
355 2024 504 2106 utrinque
536 2045 631 2105 prora
664 2036 806 2105 paratam
835 2043 959 2104 semper
991 2019 1136 2103 appuleui

117 2134 255 2198 frontem
275 2139 347 2217 agit.
390 2160 449 2200 uec
468 2140 548 2204 veiis
568 2140 804 2217 ministrantur,
824 2160 882 2201 nec
903 2157 1007 2200 remos
1027 2137 1061 2196 in
1083 2155 1135 2197 or-

118 2245 192 2309 dine
222 2249 374 2312 lateribus
402 2250 594 2332 adjungunt:
632 2254 785 2331 solutum,
815 2265 851 2315 ut
881 2254 915 2315 in
947 2248 1134 2336 quibusdam

116 2359 291 2444 fluminum,
314 2376 346 2428 et
365 2367 523 2444 mutabile,
545 2379 652 2431 utres
673 2370 783 2451 poscit,
804 2366 878 2431 hinc
903 2368 953 2431 vel
973 2365 1059 2428 illinc
1082 2385 1133 2427 re·

115 2481 254 2559 migium.
294 2481 351 2545 Est
374 2481 459 2564 apud
479 2485 550 2547 illos
580 2494 611 2545 et
638 2483 752 2564 opibus
779 2486 899 2562 honos,
928 2503 1029 2568 eoque
1050 2501 1133 2543 unus

115 2592 289 2676 imperitat,
321 2595 416 2658 nullis
436 2600 499 2674 jam
527 2596 782 2678 exceptionibus,
816 2619 881 2661 non
901 2595 1042 2678 precario
1062 2598 1132 2672 jure

113 2710 255 2793 parendi.
307 2711 374 2773 Nec
403 2733 506 2789 arma,
539 2725 575 2774 ut
605 2710 692 2794 apud
723 2724 843 2774 ceteros
874 2712 1065 2785 Germanos,
1097 2708 1131 2769 in

97 2890 100 2896 ,
112 2825 309 2907 promiscuo,
341 2822 396 2888 sed
424 2825 529 2886 clausa
559 2826 619 2886 sub
646 2823 774 2887 custode
805 2836 837 2887 et
864 2822 991 2907 quidem
1020 2840 1130 2885 servo:

113 2940 188 3021 quia
208 2937 328 3002 subitos
349 2939 487 3002 hostium
510 2939 656 3003 incursus
678 2940 825 3023 prohibet
846 2958 998 3016 oceanus,
1029 2937 1129 2999 otiosa

112 3070 210 3132 porro
245 3064 437 3113 armatorum
469 3070 581 3115 manus
613 3053 704 3115 facile
734 3051 911 3115 lasciviunt.
969 3048 1128 3112 eninwero

113 3185 217 3246 neque
240 3166 378 3227 nobilem
400 3186 503 3247 neque
524 3164 710 3244 ingenuum,
738 3185 779 3226 ne
800 3162 981 3228 libertinum
1003 3160 1129 3243 quidem

111 3276 206 3340 aruris
227 3298 421 3360 praeponere
445 3281 529 3360 regia
553 3280 667 3344 utilitas
689 3293 744 3343 est.

195 3394 298 3455 Trans
327 3391 461 3456 Suionas
490 3391 574 3455 aliud
605 3415 706 3470 mare,
737 3393 862 3475 pigrum
882 3415 918 3456 ec
944 3388 1045 3476 prope
1068 3393 1127 3455 im·
1137 3400 1171 3450 ts

109 3515 248 3567 motum:
280 3524 344 3587 quo
368 3505 449 3584 cingi
470 3504 615 3589 cludique
638 3519 794 3569 terrarum
815 3508 926 3570 orbem
946 3505 1019 3570 hinc
1040 3504 1127 3585 fides,

109 3615 196 3700 quod
218 3630 376 3681 extremus
400 3617 537 3680 cadentis
562 3625 624 3695 jam
652 3619 727 3682 solis
756 3621 861 3700 fulgor
882 3621 917 3682 in
940 3633 1027 3685 ortus
1050 3619 1126 3682 edu·

107 3743 171 3809 rat,
199 3730 277 3792 adeo
298 3731 400 3793 clarus
422 3742 458 3793 ut
478 3730 578 3794 sidera
599 3732 735 3793 hebetet.
784 3753 897 3796 sonum
918 3733 1049 3815 insuper
1069 3755 1125 3801 tett-¹

108 3842 185 3918 diri,
214 3845 332 3907 formas
359 3843 492 3908 deorum
520 3860 551 3908 et
577 3845 683 3910 radios
713 3847 822 3930 capitis
847 3847 942 3931 aspici
962 3848 1124 3930 persuasio

109 3955 222 4034 adjicit.
280 3959 358 4020 llluc
393 3981 513 4042 usque,
548 3972 580 4023 et
611 3961 691 4023 fama
722 3984 815 4041 vera,
847 3975 970 4024 tautum
1001 3975 1123 4025 natura.

107 4068 189 4149 Ergo
216 4074 278 4147 jam
308 4069 419 4134 dextro
445 4055 562 4137 scaenici
587 4073 682 4134 uraris
705 4074 798 4137 litore
821 4076 997 4138 Aestiorum
1017 4088 1122 4155 gentes
