2950 4775
310 305 355 372 bb
650 299 712 371 EX
735 299 990 372 turannos

211 496 297 563 ¹¹2¹⁰
396 470 440 559 (a.
460 471 517 559 tt)
538 472 656 539 Eodem
683 495 767 539 anno
788 474 1021 540 Cheruscorum
1041 489 1117 555 gens
1140 490 1246 554 regem
1266 471 1338 537 tto-

313 606 383 650 mae
403 586 515 669 petivit
537 585 657 651 amissis
677 581 737 671 per
759 588 885 651 interna
904 590 986 674 bella
1006 585 1184 668 nobilibus,
1214 596 1248 649 et
1266 604 1337 648 uno

309 697 438 783 reliquo
459 698 564 783 stirpis
585 699 707 783 regiae,
735 700 792 785 qni
814 699 898 784 apud
919 702 1033 763 urbem
1053 699 1246 778 habebatur,
1275 717 1339 761 no·

314 809 399 874 mine
428 812 566 878 Italicus.
619 825 786 897 paternum
817 813 891 877 huic
923 832 1022 895 genus
1055 834 1073 875 e
1105 813 1205 876 Flavo
1236 813 1338 874 fratre
1454 799 1455 812 ¹

315 926 466 1007 Arminii,
495 941 595 991 mater
617 950 658 991 ex
678 928 850 992 Actumero
875 927 1019 1010 principe
1042 926 1229 990 Chattorum
1249 938 1338 990 erat:
1454 943 1455 946 ’

313 1044 381 1122 ipse
403 1042 509 1105 forma
536 1041 670 1108 decorus
698 1056 730 1110 et
758 1043 853 1109 armis
882 1044 1034 1129 equisque
1059 1043 1094 1106 in
1116 1040 1254 1126 patrium
1275 1062 1338 1105 no·

315 1167 477 1239 atrumque
506 1177 628 1221 morem
655 1156 823 1221 exercitus.
867 1156 1102 1239 lgitureaesar
1130 1163 1257 1218 anctum
1278 1176 1339 1236 pe·

317 1270 418 1348 onnia,
439 1267 552 1333 additis
573 1268 785 1352 stipatoribus,
805 1271 952 1334 hortatur
971 1270 1085 1352 gentile
1106 1266 1201 1332 decus
1220 1286 1338 1347 magno

316 1383 422 1448 animo
442 1404 621 1466 capessere:
643 1382 734 1447 illum
754 1384 894 1467 primum
913 1383 1033 1448 Romae
1055 1395 1174 1463 ortum,
1199 1402 1258 1446 nec
1276 1381 1338 1444 ob-

315 1496 416 1562 sidem
437 1496 492 1562 setl
513 1499 614 1566 civem
633 1500 681 1565 ire
697 1511 863 1565 externum
882 1498 923 1563 ad
942 1499 1122 1584 imperium.
1161 1500 1207 1562 Ac
1222 1497 1337 1579 ¹primo

316 1599 414 1680 laetus
436 1616 600 1682 Germanis
620 1616 790 1696 adventus,
812 1629 908 1703 atque
932 1638 972 1682 eo
993 1614 1080 1702 qnod
1100 1615 1196 1678 nullis
1217 1611 1339 1676 disem-

317 1728 377 1793 tliis
410 1731 550 1796 imbutus
579 1732 651 1815 pari
677 1733 712 1797 in
743 1754 852 1800 omnes
881 1731 988 1797 studio
1015 1741 1136 1814 ageret,
1175 1723 1339 1804 celebrari,

318 1842 388 1922 coli,
406 1842 503 1909 modo
523 1845 700 1911 comitatem
724 1858 757 1912 et
777 1845 1017 1931 temperantiam
1035 1844 1118 1908 nulli
1137 1843 1248 1922 invisa,
1268 1863 1339 1906 sae·

316 1957 388 2038 pius
415 1957 689 2026 rinolentiamac
714 1958 862 2024 libidines
889 1972 977 2042 grata
1003 1958 1149 2024 barbaris
1172 1974 1340 2039 usurpans.

318 2075 443 2156 jamque
463 2073 548 2159 apud
572 2074 755 2160 proximos,
784 2080 848 2155 jam
873 2074 998 2159 longius
1017 2076 1209 2151 clarescere,
1237 2091 1339 2156 quum

318 2190 490 2269 potentiam
517 2193 584 2269 ejus
612 2202 825 2274 suspectantes
860 2191 917 2277 qui
947 2187 1140 2275 factionibus
1164 2185 1340 2249 floruerant

318 2303 482 2370 discedunt
501 2305 542 2371 ad
561 2307 774 2372 conterminos
793 2307 941 2391 populos,
961 2327 997 2369 ac
1018 2302 1223 2368 testificantur
1242 2298 1340 2365 adimi

317 2432 455 2485 veterem
484 2420 671 2484 Germaniae
698 2420 877 2485 libertatem
903 2434 935 2485 et
960 2440 1108 2485 romanas
1134 2420 1211 2501 opes
1231 2415 1340 2480 insur-

317 2552 409 2612 gere:
437 2529 516 2597 adeo
538 2534 697 2600 neminem
722 2534 835 2599 iisdem
855 2535 890 2599 in
911 2535 1004 2598 terris
1028 2546 1152 2611 orttmt,
1173 2532 1230 2617 qui
1248 2531 1341 2616 prin·

318 2644 420 2729 eipem
439 2648 545 2712 locum
563 2648 710 2732 impleat,
738 2647 801 2713 nisi
826 2647 1036 2732 exploratoris
1057 2646 1148 2712 Flavi
1173 2646 1340 2728 progenies

318 2778 415 2843 super
435 2775 563 2826 cunctos
585 2757 768 2826 arcuatur?
811 2761 929 2825 frosm
948 2758 1127 2824 Arminium
1145 2757 1339 2842 praescribi:

318 2874 417 2952 cujus
435 2872 463 2936 ai
477 2872 573 2953 ,fitius
598 2873 706 2938 hostili
732 2872 767 2935 in
789 2873 858 2937 solo
880 2872 1005 2937 adsutus
1025 2874 1060 2937 in
1080 2869 1214 2955 reguum
1232 2871 1339 2937 venis·

317 2999 380 3066 set,
406 2982 500 3071 posia
519 2988 681 3053 extimesci
701 2988 853 3052 inlectum
875 2987 1043 3070 alimonio,
1069 2987 1215 3065 servitio,
1241 2987 1340 3064 cultu,

317 3099 464 3165 omnibus
478 3102 632 3185 externis.
672 3114 706 3167 at
725 3103 754 3165 si
775 3116 908 3185 paterna
927 3103 1036 3167 Italico
1051 3124 1141 3166 mens
1162 3112 1251 3182 esset,
1271 3122 1340 3165 non
1454 3154 1455 3175 ,

316 3214 414 3278 alium
440 3212 595 3280 infensius
623 3237 713 3283 arma
738 3231 849 3280 centra
877 3216 1011 3300 patriam
1039 3238 1076 3279 ac
1105 3214 1183 3281 dees
1208 3225 1339 3298 penates
1454 3272 1455 3281 ,

318 3350 413 3414 qnam
433 3343 598 3412 parentem
619 3334 687 3411 ejus
708 3331 896 3396 exercuisse.
1454 3302 1455 3329 ¹

219 3474 302 3540 ,W
402 3445 461 3510 His
479 3457 576 3531 atque
590 3447 707 3511 talibus
723 3469 852 3530 magnas
869 3447 977 3531 copias
993 3466 1132 3529 coegere.
1173 3443 1241 3510 Nec
1258 3464 1340 3528 pan·
1454 3418 1455 3493 i

319 3554 419 3620 ciores
439 3558 581 3623 Italicum
602 3562 828 3646 sequebantur.
869 3562 1040 3651 nonenim
1059 3559 1210 3644 irrupisse
1232 3558 1273 3622 ad
1288 3557 1340 3621 in·
1454 3560 1455 3623 1

319 3668 402 3734 vitos
423 3670 479 3735 sed
500 3673 634 3740 accitum
652 3680 882 3745 memorabant.
922 3676 1050 3762 quando
1070 3676 1234 3742 nobilitate
1256 3686 1339 3738 cete-
1454 3714 1455 3767 ᾗ

318 3803 372 3846 ros
390 3785 531 3865 anteiret,
551 3786 699 3855 uirtutem
715 3791 945 3874 experirentur,
965 3813 1005 3853 an
1027 3789 1157 3871 <lignum
1171 3809 1205 3854 se
1221 3800 1336 3873 patruo

320 3898 482 3977 Arminio,
505 3921 566 3965 avo
586 3901 756 3966 Actumero
778 3906 954 3986 praeberet.
994 3925 1053 3967 nec
1073 3916 1194 3986 patrem
1214 3899 1335 3980 rubori,

318 4004 405 4094 quoti
441 4012 536 4077 fidem
573 4014 722 4081 adversus
754 4018 914 4083 Romanos
951 4021 1128 4085 volentibus
1171 4016 1337 4082 Germanis
