2950 4775
282 339 306 416 8
678 344 912 415 GERMANIA

284 535 459 603 sectantum
482 523 654 606 magnaque
677 531 707 584 et
731 522 879 584 comitum
900 519 1081 599 aemulatio,
1103 517 1217 603 quibus
1239 505 1304 601 priss

285 658 355 702 mus
377 636 461 721 apud
480 638 654 720 principem
674 657 766 699 suum
786 639 884 713 locus,
906 648 936 697 et
950 636 1139 717 principum,
1164 635 1215 697 cui
1233 637 1304 715 plu-

285 755 358 818 rimi
391 767 422 818 et
451 755 594 818 acerrimi
625 756 766 817 comites.
817 753 903 815 Haec
934 750 1084 831 dignitas,
1119 753 1178 812 hae
1210 750 1303 825 vires,

286 892 399 963 magno
421 893 545 953 semper
566 873 733 933 electorum
756 872 905 946 juvenum
927 868 1021 948 globo
1043 864 1244 943 circumdari,
1271 865 1305 923 in

287 1008 364 1069 pace
394 984 504 1063 decus,
533 985 566 1045 in
597 985 681 1044 bello
710 980 912 1064 praesidium.
961 980 1028 1043 Neo
1056 984 1159 1043 solum
1188 980 1222 1041 in
1249 1000 1306 1041 sua

287 1114 379 1182 gente
408 1101 539 1183 cuique,
571 1071 627 1161 sed
658 1095 742 1181 apud
770 1096 917 1160 finitimas
947 1118 1073 1182 quoque
1105 1095 1244 1160 civitates
1273 1094 1304 1157 id

289 1240 424 1296 nomen,
453 1240 490 1281 ea
515 1218 615 1298 gloria
640 1229 704 1296 est,
734 1217 762 1279 si
783 1236 916 1283 numero
939 1236 974 1281 ac
999 1214 1114 1279 virtute
1142 1214 1307 1277 comitatus

291 1336 436 1411 emineat.
487 1345 678 1416 expetuntur
712 1332 797 1395 enim
825 1332 1031 1412 legationibus
1062 1342 1092 1392 et
1124 1328 1307 1390 muneribus

290 1463 461 1521 ornantur,
483 1460 514 1511 et
534 1448 603 1530 ipsa
623 1449 810 1531 plerumque
833 1448 916 1507 lama
935 1445 1018 1506 bella
1038 1441 1217 1525 profligant.

242 1581 277 1632 14
376 1562 649 1641 Quum-ventum
684 1561 720 1622 in
751 1560 867 1635 aciem,
904 1571 997 1640 turpe
1026 1557 1162 1640 principi
1192 1558 1307 1619 virtute

290 1680 391 1759 vinci,
412 1692 504 1761 turpe
521 1674 846 1741 comitatui'virtutem
863 1674 1013 1757 principis
1034 1693 1098 1735 non
1123 1670 1308 1756 adaequare.

290 1801 353 1875 jam
377 1816 454 1858 vero
474 1794 590 1856 infame
614 1794 648 1856 in
669 1814 795 1856 omnem
816 1794 913 1855 vitam
934 1812 970 1852 ac
991 1791 1179 1872 probrosum
1200 1808 1310 1868 super·

292 1911 393 1972 stitem
414 1906 550 1991 principi
569 1927 627 1970 suo
656 1927 697 1968 ex
722 1906 787 1970 acie
807 1905 981 1968 recessisse.
1021 1903 1112 1965 illum
1133 1901 1311 1979 defendere,

292 2025 393 2102 tueri,
425 2044 482 2086 sua
516 2043 643 2110 quoque
674 2025 771 2085 fortia
801 2023 884 2085 facta
912 2021 1027 2101 gloriae
1059 2024 1124 2100 ejus
1156 2021 1310 2099 assignare

292 2141 495 2222 praecipuum
528 2148 754 2200 sacramentum
787 2148 844 2199 est.
895 2133 1057 2215 Principes
1088 2153 1147 2215 pro
1181 2133 1312 2196 victoria

293 2269 450 2340 pugnant,
479 2227 607 2318 comites
626 2276 687 2337 pro
708 2254 862 2336 principe.
902 2251 938 2314 Si
958 2252 1082 2330 civitas,
1110 2250 1144 2312 in
1167 2271 1231 2335 qua
1252 2251 1313 2312 orti

294 2385 377 2448 sunt,
397 2373 491 2451 longa
511 2392 587 2452 pace
609 2381 640 2431 et
662 2367 727 2433 otio
748 2379 881 2451 torpeat,
900 2366 1043 2451 plerique
1064 2366 1219 2429 nobilium
1237 2364 1313 2427 ado·

292 2484 475 2548 lescentium
496 2497 609 2567 petunt
630 2485 714 2546 ultro
736 2506 789 2547 eas
810 2485 970 2561 nationes,
1001 2504 1081 2567 quae
1106 2495 1174 2545 tum
1193 2483 1313 2544 bellum

296 2599 425 2684 aliquod
444 2605 573 2680 gerunt,
605 2597 680 2681 quia
699 2609 731 2659 et
753 2597 874 2676 ingrata
893 2599 978 2678 genti
1002 2597 1108 2680 quies,
1139 2607 1170 2658 et
1193 2593 1314 2657 facilius

294 2714 377 2776 inter
406 2714 552 2795 ancipitia
582 2714 772 2792 clarescunt,
802 2734 1012 2794 magnumque
1042 2712 1223 2774 comitatum
1249 2730 1315 2772 non

296 2830 356 2893 nisi
376 2830 409 2894 vi
431 2831 577 2916 belloque
599 2842 717 2892 tueare.
760 2829 899 2909 Exigunt
927 2828 1010 2890 enim
1032 2828 1182 2909 principis
1203 2829 1253 2889 sui
1275 2827 1315 2888 li·

295 2946 457 3008 beralitate
476 2944 564 3006 illum
581 2944 764 3006 bellatorem
781 2962 908 3025 equum,
928 2943 1013 3003 illam
1034 2954 1194 3004 cruentam
1209 2939 1316 3005 victri-

298 3077 428 3142 cemque
449 3058 610 3120 frameam.
652 3078 725 3118 nam
748 3060 859 3139 eprdae
881 3069 930 3135 et,
952 3078 1133 3140 quanquam
1155 3056 1314 3137 incompti,

297 3173 376 3253 largi
405 3186 511 3236 tamen
543 3185 710 3259 apparatus
738 3194 799 3254 pro
828 3172 983 3254 stipendio
1011 3171 1136 3234 cedunt.
1187 3171 1317 3232 materia

298 3286 527 3350 munificentiae
558 3310 617 3371 per
644 3291 727 3351 bella
756 3301 787 3350 et
814 3300 932 3368 raptus.
983 3286 1050 3350 Nec
1081 3307 1169 3348 arare
1199 3297 1317 3347 terram

299 3416 355 3468 aut
375 3416 553 3486 exspectare
576 3426 694 3469 annum
716 3418 781 3467 tam
805 3405 894 3466 facile
914 3402 1123 3486 persuaseris,
1144 3424 1239 3486 quam
1259 3423 1318 3466 vo·

299 3539 369 3582 care
384 3519 506 3583 hostem
522 3530 553 3580 et
566 3519 699 3581 vulnera
714 3519 839 3581 mereri.
874 3518 998 3601 pigrum
1015 3518 1093 3601 quin
1109 3518 1173 3581 imo
1189 3531 1220 3580 et
1233 3520 1318 3582 iners

299 3630 424 3697 videtur
441 3631 555 3694 sudore
579 3635 742 3717 acquirere
762 3632 846 3715 quod
865 3632 968 3714 possis
987 3633 1136 3712 sanguine
1153 3654 1276 3715 parare.

252 3750 287 3803 lo
385 3741 538 3819 Quotiens
557 3746 641 3808 bella
662 3766 727 3809 non
748 3744 877 3823 ineunt,
904 3765 970 3806 non
991 3746 1124 3809 multum
1144 3747 1319 3823 uenatibus,

300 3859 369 3939 plus
394 3878 452 3939 per
475 3856 573 3919 otiom
595 3859 772 3936 transigunt
793 3855 890 3919 dediti
911 3878 1021 3919 somno
1043 3859 1193 3941 ciboque,
1214 3860 1320 3921 fortis·

301 3972 397 4036 simus
426 3974 560 4056 quisque
589 3995 624 4036 ac
654 3974 903 4036 bellicosissimus
932 3973 1011 4034 nihil
1040 3994 1149 4052 agens,
1182 3973 1320 4052 delegata

298 4084 413 4149 ‘domus
436 4098 467 4148 et
487 4087 647 4168 penatium
670 4100 700 4148 et
722 4106 868 4166 agrorum
889 4108 965 4148 cura
985 4086 1109 4155 leminis
1130 4087 1319 4170 senibusque
