2950 4775
316 404 378 469 100
664 395 731 462 'EX
755 392 991 462 fllsrunus

316 582 510 653 rumperent.
561 566 706 629 simulata
735 586 772 628 ea
801 566 922 630 inerint
946 586 987 631 an
1008 562 1144 629 retinere
1164 565 1343 631 saevientes

317 682 495 767 nequiverit
514 695 628 765 parum
640 677 840 766 ‘affirmatum‘
874 679 1015 762 Direptis
1034 679 1142 744 casmis
1162 679 1246 744 laces
1265 679 1344 759 inji-

318 802 423 876 ciunt,
454 809 646 884 cunctosque
675 797 732 882 qui
760 795 883 879 proelio
911 795 1133 878 superfuerant
1156 793 1344 860 incendium

318 911 432 977 hausit.

236 1039 304 1101 aot
406 1027 515 1095 Civilis
534 1028 672 1091 barbaro
697 1035 773 1092 voto
793 1035 867 1107 post
886 1033 996 1104 coepta
1014 1021 1164 1088 adsersus
1179 1008 1345 1094 Romania

323 1163 410 1205 arma
439 1163 619 1226 propexum
650 1141 877 1224 rutilatumque
911 1138 1030 1204 crinem
1059 1151 1181 1222 patrata
1212 1139 1344 1204 demum

318 1255 418 1321 caede
449 1258 609 1340 legionum
640 1255 795 1341 deposuit.
854 1267 885 1320 et
918 1256 1080 1318 ferebatur
1109 1257 1244 1338 parvulo
1274 1254 1345 1319 titio

325 1371 478 1456 quosdam
501 1374 696 1457 captivorum
717 1369 834 1451 sagittis
854 1369 1025 1453 jaculisque
1050 1370 1226 1451 puerilibus
1245 1368 1346 1451 ligen-

321 1486 382 1552 dos
410 1490 571 1552 obtulisse.
627 1485 776 1551 Ceterum
811 1505 915 1568 neque
949 1502 982 1546 se
1014 1505 1119 1569 neque
1152 1506 1347 1570 quemquam

323 1601 479 1665 Batauum
500 1602 534 1664 in
556 1602 654 1667 uerba
676 1598 851 1662 Galliarum
874 1595 992 1679 adegit,
1012 1596 1088 1662 fisus
1109 1599 1346 1665 Germanorum

325 1715 440 1797 opibus
462 1726 511 1789 et,
535 1713 563 1776 sl
583 1710 766 1803 certandum
787 1709 938 1776 adversus
960 1710 1066 1775 Gallos
1086 1711 1126 1775 de
1145 1715 1346 1796 possessione

325 1849 433 1892 rerum
452 1828 546 1905 foret,
566 1826 692 1890 inclitus
712 1825 798 1888 lama
819 1837 850 1887 et
868 1825 985 1907 potior.
1025 1826 1166 1890 Mumius
1180 1828 1348 1912 Lupercus

324 1946 443 2024 legatus
470 1943 601 2026 legionis
629 1940 708 2004 inter
742 1939 827 2004 dona
851 1942 965 2002 missus
994 1938 1143 2007 Veledae.
1191 1964 1229 2006 ea
1255 1946 1346 2025 virgo

325 2060 462 2122 nationis
487 2060 650 2123 bructerus
676 2058 740 2119 late
759 2058 958 2139 imperitabat
978 2067 1084 2121 vetere
1106 2055 1192 2141 apud
1214 2057 1348 2122 Germa·
1465 2080 1466 2141 }

326 2196 385 2239 nos
406 2193 512 2254 nrore,
537 2192 602 2257 quo
623 2173 790 2256 plerasque
809 2173 999 2235 feminarum
1021 2170 1161 2237 lstidicas
1185 2185 1217 2237 et
1235 2193 1349 2253 auges÷

328 2300 415 2351 ceute
442 2286 664 2368 superstitione
686 2285 878 2350 arbitrentur
899 2283 983 2349 deas.
1030 2286 1183 2371 Tuncque
1206 2285 1348 2351 Veledae

328 2406 494 2480 auctoritas
515 2402 669 2468 adolevit:
690 2424 764 2465 narn
784 2424 952 2487 prosperas
975 2403 1141 2467 Germanis
1161 2426 1212 2469 res
1236 2416 1267 2469 et
1288 2425 1350 2469 ex·

326 2517 443 2584 cidium
463 2521 624 2601 legionum
643 2515 856 2600 praedixerat.
904 2514 967 2580 Sed
989 2517 1153 2599 Lupercus
1176 2518 1210 2580 in
1232 2518 1349 2581 itinere

324 2635 517 2699 interfectus.
559 2633 652 2715 pauci
680 2631 901 2693 centurionum
927 2633 1191 2715 tribunorumque
1213 2634 1247 2696 in
1270 2632 1349 2697 Gal.

324 2741 368 2805 lia
387 2741 484 2822 geniti
504 2749 707 2804 reservantur
726 2737 839 2819 pignus
861 2736 1025 2802 societatis.
1066 2740 1261 2820 cohortium,
1281 2744 1350 2803 ala-
1464 2793 1465 2798 ,

324 2877 411 2933 rum,
432 2854 591 2936 legionum
610 2852 744 2916 hiberus
765 2853 916 2916 subversa
933 2866 1144 2938 aromataque,
1164 2855 1203 2918 iis
1223 2869 1348 2920 tantum

325 2971 441 3034 relictis
462 2990 544 3054 quae
565 2966 754 3048 Mogontiaci
778 2988 813 3029 ac
834 2963 1044 3030 Vindonissae
1064 2968 1122 3030 sita
1145 2980 1228 3035 sunt.

241 3093 314 3160 4,σῆ
411 3085 512 3168 Legio
540 3095 629 3148 sexta
655 3079 787 3146 decuma
815 3102 887 3145 cum
917 3081 1043 3145 auxiliis
1070 3081 1164 3146 simul
1187 3078 1299 3145 deditis
1329 3103 1350 3144 a

325 3197 467 3263 Novesio
503 3198 538 3261 in
570 3198 727 3263 coloniam
760 3198 973 3263 Treverorum
1010 3196 1186 3281 transgredi
1219 3200 1352 3278 jubetur

325 3313 492 3396 praefinita
521 3312 572 3377 die
600 3315 683 3377 intra
713 3334 809 3396 quam
840 3314 950 3377 castris
984 3313 1158 3380 excederet.
1208 3313 1351 3378 medium

328 3449 423 3494 omne
446 3440 572 3511 tempus
591 3428 774 3510 pervarias
795 3449 885 3493 curas
904 3450 1004 3510 egere,
1024 3430 1241 3511 ignarissimus
1262 3428 1353 3514 quis·

329 3566 390 3629 qus
407 3565 569 3609 caesorum
584 3543 667 3626 apssd
679 3545 797 3608 Vetera
812 3547 958 3629 exemplo
971 3557 1132 3634 paventes,
1147 3546 1259 3610 melior
1272 3564 1351 3629 pars

327 3659 446 3722 rubore
469 3670 500 3720 et
519 3657 659 3719 infamia.
701 3658 795 3739 quale
815 3655 893 3720 illud
912 3655 995 3721 iter?
1022 3660 1094 3744 quis
1114 3659 1180 3724 dux
1200 3656 1352 3726 vinciet
1463 3661 1464 3712 f

328 3770 435 3835 omnia
463 3771 498 3832 in
529 3770 659 3833 arbitrio
688 3791 800 3834 eorum
829 3792 910 3855 qum
931 3773 1013 3838 vitae
1035 3775 1183 3859 necisque
1204 3775 1353 3840 dominos

328 3886 484 3954 fecissent.
526 3884 590 3946 Alii
618 3886 707 3947 nulla
734 3884 896 3950 dedecoris
921 3905 997 3950 cura
1022 3891 1190 3971 pecuniam
1215 3902 1272 3952 aut
1298 3911 1353 3952 ca·

327 3999 452 4062 rissima
475 3997 599 4061 sibimet
619 3999 681 4080 ipsi
700 3998 904 4063 circstmdare.
946 3999 1075 4085 quidam
1097 4001 1244 4086 expedire
1264 4024 1354 4066 mma

328 4112 460 4196 telisque
481 4123 630 4194 tanquam
658 4113 692 4174 in
716 4112 814 4176 aciem
836 4113 965 4195 accingi.
1013 4115 1099 4179 Haec
1127 4115 1355 4182 meditantibus
