2950 4775
306 404 352 472 rs
548 378 551 383 ⁴
653 396 718 465 nx
738 392 974 467 nvsvonns

309 596 418 642 narsus
447 570 613 637 discrimen
643 566 720 631 adiit
750 567 905 650 flagitante
932 564 1119 650 supplicium
1142 568 1209 645 ejus
1239 587 1335 631 exer·

311 696 384 758 citu.
425 689 500 753 inde
517 706 627 751 causae
645 687 767 748 irarum
786 700 919 768 spesque
938 705 979 747 ex
996 683 1085 747 malis
1102 680 1228 747 nostris.
1269 681 1336 747 Sed

312 808 422 874 Civilis
442 808 523 870 ultra
552 825 647 888 quam
671 801 816 866 barbaris
843 801 970 866 solitum
994 799 1119 881 ingenio
1146 802 1275 881 sollcrs,
1303 813 1337 864 et

312 921 489 985 Sertorium
510 938 543 980 se
564 929 620 979 aut
638 915 849 978 Hannibalem
876 913 997 989 ferens,
1025 913 1120 976 simili
1146 915 1210 979 oris
1234 913 1337 979 deho-

314 1048 527 1113 nestamento,
549 1054 589 1095 ne
611 1044 646 1095 ut
665 1032 750 1094 hosti
770 1030 896 1095 obviam
915 1030 1030 1107 iretur,
1052 1029 1079 1091 si
1099 1051 1119 1092 a
1138 1033 1258 1114 populo
1279 1051 1337 1094 ro·

314 1170 410 1215 mano
432 1152 536 1233 palam
562 1145 755 1227 descivisset,
778 1145 966 1229 Vespasiani
986 1143 1159 1208 ,amicitiam
1179 1146 1337 1210 studium·

221 1294 223 1301 2
317 1287 379 1349 quc
400 1264 536 1347 partium
557 1258 748 1347 praetendit,
778 1258 880 1325 minis
901 1278 975 1321 sane
997 1256 1037 1320 ad
1062 1279 1135 1323 eum
1153 1260 1251 1325 Primi
1271 1262 1339 1324 An·

316 1378 396 1445 touii
421 1376 536 1452 literis,
565 1375 681 1458 quibus
710 1386 850 1439 avertere
878 1372 975 1435 accita
1000 1373 1130 1439 Vitellio
1161 1375 1278 1439 auxilia
1308 1387 1341 1438 et

317 1492 471 1554 tumultus
497 1487 665 1570 germanici
692 1486 795 1569 specie
818 1497 975 1550 retentare
999 1486 1136 1567 legiones
1160 1489 1341 1565 jubebatur.

319 1603 428 1668 eadem
449 1601 653 1666 Hordeonius
674 1600 803 1663 Flaccus
831 1619 979 1683 praesens
1002 1614 1167 1664 monuerat
1188 1602 1340 1667 inclinato

313 1720 355 1791 ¹iu
377 1718 606 1800 Vespasianum
627 1718 733 1778 animo
763 1728 795 1778 et
820 1715 868 1779 rei
882 1715 1031 1797 publicae
1059 1737 1150 1795 cura,
1178 1717 1231 1780 cui
1255 1718 1341 1782 exci-

322 1833 410 1897 dium
435 1831 640 1904 adventabat,
668 1829 696 1892 si
715 1826 960 1908 redintegratum
982 1829 1101 1892 ballum
1121 1840 1153 1893 st
1170 1841 1218 1893 tot
1239 1852 1343 1894 arma·
1455 1844 1456 1867 ¹

320 1957 428 2020 torum
449 1944 547 2006 millia
565 1942 686 2004 Italiam
706 1942 904 2022 irrupissent.
967 2028 970 2035 Ι

238 2088 311 2152 eli
406 2057 506 2139 Igitur
534 2055 640 2129 Civilis
671 2052 861 2118 desciscendi
888 2066 1006 2132 certus,
1036 2057 1189 2121 occultato
1216 2054 1346 2118 interim

323 2175 436 2241 altiore
461 2172 602 2249 consilio,
625 2184 727 2237 cetera
747 2195 787 2237 ex
808 2184 922 2237 eventu
941 2169 1134 2251 judicaturus
1155 2192 1274 2237 novare
1294 2192 1347 2235 ros

323 2288 385 2349 hoc
403 2284 499 2350 modo
523 2286 635 2368 coepit.
677 2286 772 2347 Jussu
790 2285 911 2349 Vitellii
930 2285 1121 2353 Batavorum
1140 2291 1286 2365 juventus
1306 2284 1346 2348 ad

326 2399 480 2482 delectum
507 2402 697 2478 vocabatur,
725 2421 820 2482 quem
844 2413 953 2481 suapte
983 2412 1096 2462 natura
1123 2420 1249 2480 marem
1270 2419 1348 2462 one·

326 2516 439 2578 rabant
460 2514 603 2576 ministri
637 2513 768 2576 avaritia
803 2535 838 2577 ac
872 2514 951 2574 luxu
983 2533 1071 2575 senes
1105 2526 1160 2575 aut
1192 2512 1348 2578 invalidos

327 2627 561 2712 conquirendo,
592 2648 672 2711 qssos
698 2632 801 2710 pretio
828 2627 1028 2691 dimitterent.
1074 2648 1183 2691 rursus
1204 2603 1367 2709 impubes

328 2741 384 2806 sed
403 2744 506 2806 forma
534 2741 696 2823 conspicui
725 2737 771 2825 (et
798 2754 844 2804 est
870 2743 1027 2824 plerisque
1047 2763 1178 2824 procera
1199 2735 1350 2824 pueritia)

324 2852 369 2926 ad
391 2867 535 2937 stuprum
555 2856 771 2917 trahebantur.
814 2854 888 2916 hinc
909 2853 1046 2918 invidia:
1067 2843 1097 2917 et
1117 2854 1283 2938 compositi
1302 2875 1353 2915 se·

326 2974 456 3037 ditionis
478 2985 620 3035 auctores
640 2971 810 3052 perpulere
834 2982 869 3031 ut
895 2966 1048 3031 delectum
1069 2972 1254 3033 abnuerent.
1300 2968 1354 3032 Ci-

330 3090 401 3152 vifis
422 3089 577 3169 primores
597 3086 697 3166 gentis
718 3096 749 3145 et
769 3081 1019 3164 promptissimos
1043 3084 1129 3163 vulgi
1148 3084 1250 3165 specie
1274 3104 1353 3164 epu·

329 3203 434 3266 larum
453 3221 586 3264 sacrum
615 3200 648 3260 in
676 3218 787 3268 nemus
814 3210 941 3261 vocatos
970 3197 1027 3259 ubi
1056 3210 1147 3261 nocte
1174 3221 1210 3262 ac
1237 3199 1356 3262 laetitia

285 3355 286 3360 κ
330 3316 496 3379 incaluisse
517 3312 619 3390 videt,
649 3311 783 3375 alaude
808 3312 969 3395 gloriaque
992 3315 1091 3392 gentis
1113 3334 1202 3378 orsus
1218 3314 1356 3392 ‘injurias

254 3469 258 3478 ·
334 3441 365 3491 et
382 3443 490 3512 raptus
512 3441 543 3491 et
563 3440 666 3492 cetera
684 3426 906 3496 servitii'mala
925 3440 1097 3489 enumerat.
1138 3430 1250 3511 ‘neque
1272 3428 1357 3489 enim

335 3544 540 3623 societates,-
563 3555 599 3606 ut
631 3542 724 3621 olim,
763 3539 819 3605 sed
853 3555 1003 3625 tanquam
1040 3521 1197 3625 mancipia
1237 3542 1360 3605 haberi.

336 3656 464 3739 quando
485 3661 621 3738 legatum
641 3658 728 3737 gravi
752 3655 879 3740 quidem
894 3658 1047 3727 ,comitatu
1071 3672 1102 3721 et
1124 3662 1262 3740 superbo
1287 3677 1360 3724 cuna

252 3827 258 3866 ἶ
335 3768 469 3851 imperio
500 3767 631 3835 venire?
680 3768 764 3838 tradi
792 3790 825 3832 sa
856 3772 1020 3852 praelectis
1050 3772 1360 3855 centurionibusque,

339 3903 420 3965 qnos
444 3885 498 3945 ubi
524 3884 630 3966 spoliis
656 3895 687 3947 et
708 3881 858 3964 sanguine
879 3884 1089 3966 expleverint,
1113 3888 1228 3954 mutari
1249 3885 1363 3969 exqui-

339 3998 432 4080 rique
456 4018 557 4062 uovoa
579 3998 666 4064 sinus
688 4013 719 4062 et
738 4000 825 4064 varia
841 3998 1019 4087 ‘praedandi
1038 4002 1193 4066 vocabula
1243 4001 1361 4063 instare

340 4109 508 4194 delectum,
536 4134 601 4197 quo
628 4114 722 4179 liberi
751 4135 770 4177 a
797 4114 995 4197 parentibus,
1022 4115 1134 4184 frana
1162 4138 1182 4180 a
1210 4113 1363 4178 fratribus
