2950 4775
491 395 556 465 EX
577 392 814 463 HISTORIIS
969 390 973 411 ¹
1118 391 1164 459 79

136 577 225 645 volut
257 595 439 660 supremum
467 569 658 638 dividantur.
679 567 866 658 “nunquam
896 570 992 654 magis
1019 568 1164 636 afflictam

137 714 206 755 rem
227 667 407 767 romanam,
437 710 495 751 nec
516 685 602 750 aliud
621 687 656 749 in
677 686 818 751 hibernis
838 700 934 770 'quam
963 686 1111 770 praedam
1132 700 1163 748 et

138 827 239 871 senes.
292 806 469 869 attollerent
499 816 620 868 tannim
650 803 775 880 oculos,
808 815 840 865 et
870 802 976 865 inania
1004 804 1162 883 legionum

138 921 267 984 nomina
286 941 327 980 ne
347 933 557 1001 pavescerent.
600 930 632 980 at
649 916 710 981 sibi
726 921 826 980 robur
843 915 982 999 peditum
1004 916 1161 999 equitum-

141 1056 220 1118 que,
247 1033 499 1114 consanguineos'
516 1034 707 1109 Germanos,
738 1030 854 1101 Gallias
882 1029 965 1094 idem
993 1031 1163 1112 cupientes.

132 1156 179 1210 'ne
205 1149 354 1211 Romanis
383 1145 510 1229 quidem
537 1145 695 1226 ingratum
721 1143 756 1206 id
783 1146 919 1224 bellum,
951 1149 1038 1223 cujus
1062 1147 1161 1209 ambi·

93 1264 100 1271 ⁴
138 1286 231 1344 guam
249 1265 409 1327 fortunam
428 1261 626 1344 Vespasiano
646 1261 874 1344 imputaturost
898 1259 1047 1326 victoriae
1064 1261 1161 1323 ratio·
1273 1254 1274 1258 ¹

138 1386 212 1443 ne'm
235 1401 302 1443 non
323 1376 431 1443 reddi?

223 1496 339 1577 Magno
360 1516 433 1558 eum
455 1498 584 1557 assensu
609 1489 734 1559 auditus
757 1492 895 1554 barbaro
916 1488 981 1552 ritu
1001 1500 1038 1570 et,
1051 1487 1160 1572 patriis
1173 1509 1200 1575 4,
1209 1510 1245 1563 15

138 1609 406 1673 exsecrationrlrus
426 1607 593 1670 aniversae
615 1604 719 1688 adigit.
761 1604 852 1672 Missi
876 1604 917 1666 ad
941 1603 1162 1667 Canninefates

137 1722 196 1805 qui
230 1720 361 1784 consilia
389 1721 551 1783 sociarent.
608 1738 645 1779 ea
672 1739 750 1799 gens
777 1730 897 1800 partem
927 1717 1053 1780 insulae*
1077 1719 1162 1797 colit,

136 1834 267 1916 origine,
285 1834 403 1915 lingua,
424 1832 539 1896 virtute
562 1852 621 1917 par
642 1830 788 1895 Batavis:
810 1853 943 1894 numero
963 1828 1163 1914 superantur.

132 1950 218 2011 Mox
245 1947 372 2012 occultis
399 1945 520 2008 nuntiis
545 1946 680 2028 parlaxit
709 1949 882 2012 britannica
906 1950 1039 2028 auxilia,
1066 1951 1161 2014 Bata·

136 2071 257 2132 vorum.
274 2065 419 2126 cohortes
440 2060 549 2121 missas
570 2060 606 2121 in
628 2059 843 2139 Germaniam,
868 2074 903 2122 ut
924 2082 1018 2143 supra
1040 2066 1160 2126 rettuli·

133 2197 226 2255 -mus,
246 2187 292 2257 'ac
311 2187 380 2237 tum
403 2171 593 2252 Magontiaci
614 2182 750 2250 agentes.
791 2173 867 2235 Erat
890 2174 924 2235 in
946 2174 1160 2240 Canninefati-

133 2294 198 2353 bus
223 2287 352 2351 stolidae
378 2284 526 2349 audaciae
555 2284 676 2349 Brinno
690 2281 740 2368 *),
774 2287 912 2351 claritate
939 2290 1086 2352 natalium
1110 2293 1160 2353 in-

137 2405 230 2487 signi.
271 2416 362 2487 pater
382 2409 448 2482 ejus
467 2407 567 2465 multa
590 2404 718 2466 hostilia
738 2424 832 2466 ausus
861 2409 1038 2483 cajanarum
1064 2426 1159 2487 expe·

133 2520 293 2584 ditionum
320 2517 493 2600 ludibrium
521 2519 650 2603 impune
679 2532 851 2602 spreverat.
893 2521 989 2602 igitur
1013 2519 1083 2604 ipso
1108 2545 1160 2585 re·

134 2635 228 2697 bellis
249 2634 385 2696 familiae
408 2633 536 2707 nomine
556 2634 687 2715 placuit,
713 2634 940 2719 impositusque
965 2652 1051 2701 scuto
1070 2659 1158 2702 mors

134 2749 236 2830 gentis
264 2761 295 2811 et
323 2747 541 2809 sustinentium
568 2745 709 2809 humeris
738 2748 880 2812 vibratus
908 2748 975 2813 dux
1005 2745 1160 2831 deligitur.

135 2862 309 2945 Statimque
330 2859 433 2922 accitis
453 2859 562 2922 Frisiis
585 2856 825 2944 (transrhenana
845 2884 919 2944 gens
941 2857 1001 2945 est)
1024 2863 1158 2927 duarum

135 2980 313 3043 cohortium
340 2978 474 3039 hiberna
498 2974 644 3056 proxima
675 2990 829 3059 occupatu
858 2998 976 3041 oceano
1002 2978 1159 3062 irrumpit.

135 3114 201 3156 nec.
214 3088 433 3175 praeviderant
452 3088 604 3169 impetum
624 3088 763 3150 hostium
784 3091 907 3168 milites,
929 3113 997 3170 nec,
1019 3092 1046 3153 si
1065 3113 1157 3174 prae-

135 3207 301 3284 vidissent,
333 3203 405 3267 satis
426 3202 542 3265 virium
570 3198 803 3263 adarcendum
825 3215 901 3266 erat.
943 3203 1043 3288 Capta
1061 3205 1157 3285 igitur

136 3335 168 3385 et
198 3319 319 3402 direpta
349 3329 458 3380 castra.
508 3312 582 3378 dein
610 3337 706 3396 vagos
739 3328 771 3378 et
799 3319 885 3400 pacis
913 3318 1008 3382 modo
1039 3321 1156 3386 effusos

134 3439 218 3501 lixas
238 3434 508 3517 negotiatoresque
529 3450 678 3495 romanos
698 3429 865 3496 invadunt.
913 3433 1007 3497 amul
1028 3434 1157 3498 excidiis

136 3550 335 3615 castellorum
365 3545 585 3622 imminebant,
619 3564 701 3627 quae
732 3567 751 3607 a
781 3548 947 3629 praelectis
979 3550 1157 3615 cohortium

133 3666 271 3729 incensa
284 3673 368 3739 sunt,
389 3658 464 3742 quia
487 3654 613 3720 delendi
633 3660 817 3742 nequibant.
860 3658 954 3742 Signa
976 3664 1156 3749 vexillaque

136 3795 169 3845 et
194 3778 282 3865 quod
306 3776 439 3839 militum
462 3772 497 3834 in
524 3773 718 3856 superiorem
741 3776 861 3840 insulae
881 3788 1003 3859 partem
1026 3800 1155 3860 congre·

193 4045 219 4113 ⁸)
237 4046 282 4099 alii
306 4045 382 4100 codd.
406 4045 503 4114 Bnno,
525 4043 630 4112 Brioio,
659 4045 773 4112 Brona,
798 4042 868 4100 onds
886 4047 913 4098 et
930 4044 1034 4109 Bruno,
1056 4041 1155 4101 Bronlo

134 4142 256 4199 catrices.
361 4169 364 4176 >
