2950 4775
320 321 363 387 at
708 320 939 389 onthNtt

324 494 500 570 alluuntur,
537 491 651 575 quibus
683 491 762 554 ritus
791 494 978 579 habitusque
1007 492 1201 574 Sacrorum,
1233 493 1350 574 lingua

324 604 517 667 britannicae
551 608 692 689 propior.
747 608 883 670 Matrem
915 607 1008 671 deum
1040 620 1242 672 venerantur.
1291 593 1350 669 in·

330 721 416 800 signe
438 722 665 805 superstitionis
687 724 804 786 termas
829 741 978 803 aprorum
998 734 1134 801 gestant:
1155 720 1189 783 id
1208 741 1268 803 pro
1292 742 1349 782 ar-

327 836 385 898 mis
417 837 620 919 omniumque
652 841 751 900 tutela
780 859 925 900 securum
955 835 1031 898 deae
1063 836 1217 898 cultorem
1248 836 1349 897 etiam

325 948 408 1010 inter
437 950 542 1012 hostes
574 963 720 1032 praestat.
775 951 877 1012 Rarus
905 951 1000 1030 ferri,
1033 950 1182 1033 frequens
1214 949 1350 1011 fustium

327 1083 413 1125 usus.
469 1063 641 1127 Frumenta
674 1078 856 1150 ceterosque
890 1068 1010 1128 fruetus
1045 1065 1213 1148 patientius
1247 1085 1350 1147 quam

278 1202 281 1207 ·
328 1195 386 1257 pro
419 1179 509 1241 solita
537 1179 766 1244 Germanorum
794 1182 907 1245 inertia
926 1183 1082 1245 laborant.
1132 1178 1187 1243 sed
1209 1193 1240 1241 et
1260 1199 1351 1240 mare

329 1306 515 1373 scrutantur,
543 1318 578 1358 ae
600 1299 658 1360 soli
680 1298 820 1361 omnium
842 1300 1010 1375 succinum,
1040 1295 1125 1381 quod
1147 1295 1208 1379 ipsi
1227 1298 1351 1376 glesum

330 1422 460 1489 vocant,
493 1410 576 1473 inter
605 1411 687 1481 vada
714 1425 808 1497 atque
836 1414 871 1475 in
898 1414 968 1495 ipso
995 1413 1088 1474 litore
1118 1412 1237 1491 legunt.
1287 1429 1351 1470 nec

331 1543 411 1604 quae
439 1535 551 1585 natura
574 1546 694 1608 quaeve
719 1527 800 1588 ratio
828 1527 948 1605 gignat,
980 1538 1014 1585 ut
1035 1524 1195 1601 barbaris,
1225 1522 1353 1606 quaesi·
1382 1510 1385 1515 ¹

330 1649 398 1699 tum
423 1651 665 1720 compertumve.
709 1638 763 1702 diu
784 1641 980 1724 quinetiam
1000 1638 1083 1699 inter
1110 1649 1212 1701 cetera
1238 1641 1353 1715 ejecta·

331 1764 435 1813 menta
453 1752 547 1815 maris
567 1758 697 1834 jacebat,
720 1755 820 1819 donec
840 1755 968 1818 luxuria
989 1737 1097 1816 nostra
1118 1751 1203 1814 dedit
1223 1772 1351 1816 nomen.

332 1864 408 1945 ipsis
429 1866 464 1927 in
485 1868 573 1930 nullo
595 1890 673 1932 usu:
696 1866 774 1930 rude
794 1867 916 1949 legitur,
937 1868 1072 1931 informe
1089 1866 1258 1949 perfertur,
1278 1887 1353 1947 pre-

334 1978 475 2063 tiumque
505 1982 653 2046 mirantes
682 1983 847 2066 acciplunt.
899 1982 1035 2047 Succum
1066 1995 1170 2044 tamen
1200 1981 1353 2046 arborum

335 2114 402 2156 esse
423 2093 586 2176 intelligas,
610 2098 685 2179 quia
705 2110 830 2162 terrena
851 2093 1006 2182 quaedam
1028 2108 1122 2182 atque
1145 2093 1239 2156 etiam
1258 2096 1352 2157 volu·

336 2205 400 2270 oria
422 2205 568 2270 animalia
590 2209 774 2293 plerumque
796 2210 999 2288 interlucent,
1022 2229 1103 2291 quae
1120 2207 1277 2289 implicata
1292 2208 1354 2267 hu-

336 2341 424 2383 more
453 2342 528 2385 mox
557 2322 740 2386 durescente
772 2324 903 2388 materia
931 2322 1109 2403 cluduntur.
1157 2318 1355 2384 Fecundiora

335 2436 430 2517 igitur
450 2458 580 2502 nemora
601 2443 761 2523 lucosque,
789 2441 867 2504 sicut
887 2436 1027 2504 Orientis
1048 2439 1183 2516 secretis,
1205 2439 1263 2501 ubi
1282 2450 1354 2500 tura

337 2552 537 2635 balsamaque
558 2550 722 2635 sudantur,
744 2554 788 2616 ita
809 2552 984 2617 Occidentis
1005 2553 1116 2615 insulis
1132 2552 1285 2635 terrisque
1304 2553 1354 2614 in·

339 2685 404 2727 esse
427 2664 628 2746 crediderim,
656 2689 736 2750 quae
756 2666 853 2729 vicini
874 2665 948 2729 solis
971 2664 1067 2728 radiis
1091 2685 1240 2747 expressa
1263 2677 1354 2749 atque

338 2775 491 2860 liquentia
512 2781 545 2840 in
566 2779 747 2861 proximum
773 2800 858 2841 mare
879 2779 1046 2855 labuntur,
1079 2799 1115 2843 ac
1138 2778 1172 2842 vi
1191 2790 1360 2861 tempesta·v

341 2902 405 2953 tum
435 2892 480 2971 in¹
499 2889 630 2955 adversa
658 2893 752 2955 litora
781 2889 951 2953 exundant.
1003 2889 1038 2953 si
1066 2903 1212 2954 naturam
1241 2891 1356 2954 succini

343 3003 466 3067 admoto
488 3005 558 3085 igne
580 3017 689 3083 tentes,
714 3005 748 3065 in
768 3001 897 3065 modum
914 3000 1023 3065 taedae
1042 3001 1222 3065 accenditur
1242 3002 1356 3086 alitque

342 3115 498 3180 flarnmam
520 3119 669 3201 pinguem
698 3131 729 3180 ct
759 3119 913 3197 olentem3
945 3139 1021 3181 mox
1047 3130 1082 3179 ut
1103 3117 1136 3178 in
1159 3117 1260 3199 picem
1280 3115 1354 3179 resi·

343 3251 455 3294 namve
479 3234 627 3295 lentescit.
668 3230 841 3294 Suionibus
869 3231 1014 3293 Sitonum
1042 3243 1149 3310 gentes
1173 3229 1356 3292 continuan-

343 3358 405 3407 tur.
447 3358 550 3408 cetcra
570 3347 701 3424 similes,
730 3369 795 3409 uno
818 3346 982 3423 differunt,
1011 3343 1097 3426 quod
1118 3345 1234 3408 femina
1258 3343 1355 3409 domi·

344 3474 455 3522 natur:
487 3461 519 3522 in
548 3473 670 3523 tantum
697 3484 761 3525 non
789 3461 884 3525 modo
911 3485 929 3523 a
955 3462 1115 3540 libertate,
1145 3459 1315 3523 sedetiam
1338 3482 1356 3522 a

344 3574 492 3638 servitute
514 3560 711 3655 degenerant.
755 3577 814 3638 Hic
836 3575 969 3639 Sueviae
989 3576 1070 3639 finis.

298 3713 331 3764 46
429 3688 638 3753 Peucinorum
664 3691 921 3773 Venetorumque
952 3702 983 3752 et
1010 3689 1193 3752 Fennorum
1220 3685 1355 3748 nationes

347 3800 509 3863 Germanis
544 3823 585 3862 an
620 3801 770 3865 Sarmatis
805 3801 977 3864 adscribam
1015 3801 1142 3876 dubito,
1182 3819 1358 3882 quanquam

346 3914 483 3990 Peucini,
506 3936 586 3997 quos
609 3914 736 3999 quidam
758 3918 924 3979 Bastarnas
945 3929 1068 3992 vocant,
1091 3935 1245 3986 sermone,
1268 3916 1356 3990 cultu,

340 4022 419 4094 ‚sede
443 4025 669 4089 ac-domiciliis
696 4043 729 4091 ut
759 4031 907 4092 Germani
933 4042 1037 4108 agunt.
1086 4027 1200 4093 Sordes
1223 4030 1356 4092 omnium
