2950 4775
501 299 567 369 ΒΧ
587 298 823 374 HISTORIIS
1109 311 1172 378 tlt

151 476 286 540 insulam
306 475 391 538 inter
413 474 652 559 Germanosque
673 476 901 542 continentium
923 491 1079 544 terrarum
1101 501 1171 563 spe·

151 594 230 655 ciem
251 594 377 654 fecerat.
419 590 586 653 Transiere
607 589 756 654 Rhenum
770 591 873 656 Tutor
890 615 1018 677 quoque
1040 606 1070 657 et
1084 593 1171 659 Clas·

145 708 233 771 sicus
255 721 285 769 et
305 717 429 769 centum
449 705 598 771 tredecim
619 708 834 771 Treverorum
854 721 1021 786 senatores,
1043 709 1078 771 in
1101 707 1171 792 quis

150 821 212 885 tuit
231 821 375 903 Alpinius
394 820 576 898 Montanus,
596 830 690 904 quem
713 841 732 882 a
753 819 860 884 Primo
883 821 1021 885 Antonio
1041 822 1170 885 missum

149 935 184 997 in
199 934 315 998 Gallias
334 934 480 1018 superius
495 937 748 1000 memoravimus.
790 936 996 999 comitabatur
1013 958 1085 999 eom
1106 939 1170 999 lra-

148 1058 197 1110 ter
212 1047 361 1109 Decimus
379 1048 535 1130 Alpinius.
578 1047 678 1111 Simul
702 1050 799 1112 ceteri
817 1047 1015 1113 miseratione
1038 1064 1093 1114 aut
1112 1048 1169 1112 do·

148 1159 198 1224 nis
222 1159 341 1224 auxilia
362 1164 529 1244 concibant
548 1163 631 1230 inter
650 1178 757 1246 gentes
776 1164 988 1248 periculorum
1009 1163 1126 1230 avidas.

234 1277 436 1361 Tantumque
462 1278 537 1341 belli
566 1278 723 1361 superfuit
749 1292 786 1341 ut
805 1278 961 1361 praesidia
985 1279 1170 1358 cohortium,
1184 1292 1255 1357 aas
1309 1304 1313 1311 ’

147 1391 285 1465 alarum,
313 1390 473 1472 legionum
493 1410 560 1454 uno
586 1388 637 1452 die
663 1389 781 1455 Civilis
794 1389 1023 1473 quadripartito
1046 1393 1169 1456 invase·

147 1506 205 1567 rit:
234 1503 395 1567 decumam
415 1505 570 1585 legionem
590 1505 742 1584 Arenaci,
771 1504 940 1573 secundam
965 1507 1167 1585 Batavoduri,

146 1631 179 1681 et
199 1619 336 1681 Grinnes
345 1619 551 1704 Nadamque'
564 1621 742 1685 cohortium
768 1622 951 1705 alarumque
978 1630 1094 1700 castra,
1123 1622 1168 1683 ita

147 1733 254 1799 divisis
271 1735 369 1818 copiis
385 1748 423 1799 ut
440 1736 509 1819 ipse
530 1750 562 1802 et
574 1739 694 1818 Verax,
715 1736 832 1802 sorore'
846 1741 913 1816 eius
927 1737 1058 1818 genitus,
1080 1735 1167 1797 Clas·

145 1832 290 1933 sicutque
313 1872 350 1913 ac
373 1850 476 1914 Tutor
496 1872 585 1916 suam
607 1852 742 1937 quisque
762 1874 891 1916 manum
911 1852 1089 1934 traherent}
1108 1873 1167 1915 nec

144 1966 252 2029 omnia
273 1965 420 2048 patrandi
439 1965 571 2050 fiducia,
594 1968 650 2033 sed
672 1970 772 2033 multa
792 1967 876 2033 ausis
898 1968 1005 2051 aliqua
1024 1967 1059 2029 in
1077 1978 1166 2048 parts

146 2082 306 2144 fortunam
336 2082 453 2146 afforet
494 2083 588 2147 simul
617 2083 771 2148 Cerialem
801 2078 905 2168 neque
936 2078 1009 2147 satis
1041 2093 1166 2146 cautum

145 2172 177 2256 et
197 2195 343 2277 pluribus
364 2196 482 2261 nuntiis
501 2196 564 2259 huc
584 2195 659 2263 illuc
679 2210 856 2261 cursantem
877 2216 970 2280 posse
991 2194 1095 2259 medio
1116 2196 1166 2259 in·

144 2308 265 2392 tercipi.
313 2307 436 2388 Quibus
471 2310 665 2375 obvenerant
695 2325 797 2375 castra
827 2308 1073 2375 decumanorum
1107 2330 1165 2393 op-

142 2429 368 2509 pugnationem
387 2427 519 2510 legionis
546 2425 676 2490 arduam
703 2429 766 2490 rati
793 2447 952 2509 egressum
978 2424 1108 2488 militem
1134 2436 1166 2488 et

143 2541 309 2607 caedendis
330 2543 469 2606 materiis
497 2553 662 2628 operatum
688 2542 858 2606 turbavere
880 2539 981 2604 occiso
1004 2539 1163 2622 praelecto

142 2671 316 2722 casmurum
335 2670 366 2721 et
386 2658 526 2743 quinque
547 2655 740 2740 primoribus
758 2653 977 2718 centurionum
993 2654 1163 2737 paucisque

39 2854 41 2858 ι
140 2776 308 2839 militibus:
340 2776 435 2839 ceteri
462 2794 496 2836 se
518 2773 726 2836 'munimentis
756 2769 936 2834 defendere.
976 2772 1016 2833 Et
1036 2770 1161 2832 interint

142 2888 386 2952 Germanorum
405 2908 515 2951 manus
544 2883 739 2952 Batavoduri
770 2887 946 2967 irrumpere
980 2884 1161 2948 inchoatum

141 3017 271 3088 pontem
301 3004 491 3066 nitebantur.
534 3003 714 3083 ambiguum
743 2999 902 3083 proelium
931 2990 998 3062 nox
1027 2996 1161 3060 diremit.

224 3120 301 3182 Plus
323 3111 509 3180 discriminis
530 3114 613 3196 apud
637 3114 773 3176 Grinnes
795 3109 1009 3195 Vadamque.
1035 3108 1159 3172 Vadam
1171 3111 1198 3174 5,
1206 3110 1241 3160 ²1

141 3231 268 3311 Civilis,
294 3232 430 3296 Grinnes
451 3230 604 3294 Classicus
626 3229 859 3312 oppugnabant.
903 3248 962 3289 nec
984 3224 1050 3287 sisti
1070 3237 1160 3307 pote·

139 3359 214 3409 rant
240 3347 405 3409 interfecto
434 3345 603 3410 fortissimo
632 3363 778 3427 quoque,
807 3342 842 3403 in
867 3340 939 3423 quis
964 3331 1158 3419 Briganticus

139 3451 315 3544 praefectus
336 3463 402 3522 alae
424 3459 590 3538 ceciderat,
611 3479 705 3541 quem
724 3454 823 3520 fidum
841 3449 993 3517 Romanis
1014 3451 1045 3514 e't
1066 3450 1160 3515 civili

140 3580 296 3643 avitaculo
317 3577 475 3639 insensum
504 3573 649 3637 diximus.
688 3571 756 3636 sed
778 3571 836 3636 ubi
856 3570 987 3633 Cerialis
1011 3563 1082 3630 cum
1104 3565 1158 3628 de·

138 3696 219 3755 lecta
240 3690 380 3775 equitum
400 3711 496 3752 manu
517 3688 680 3768 subvenit,
705 3681 798 3752 versa
824 3686 953 3748 fortuna
972 3679 1156 3763 praecipites

140 3805 288 3869 Germani
307 3806 343 3866 in
365 3823 488 3865 amnem
511 3813 657 3883 aguntur.
698 3798 808 3864 Civilis
829 3795 905 3858 dum
928 3794 1081 3875 fugientes
1105 3812 1155 3852 re-

139 3932 237 3983 tentat
265 3920 401 3999 agnitus,
431 3918 608 4000 petitusque
636 3905 706 3977 telis
732 3912 843 3975 relicto
871 3928 954 3993 equo
979 3906 1155 3972 tranatavit.

139 4035 222 4117 idem
243 4035 372 4098 Veracis
399 4034 559 4114 effugium.
604 4032 757 4095 Tutorem
780 4024 1014 4107 Classicumque
1043 4021 1154 4103 appul-
