2950 4775
567 409 800 482 GERMANIA
1147 423 1188 488 15

168 613 241 657 vam
263 592 473 673 Rhenumque
495 602 526 652 et
545 591 698 654 Moenum
719 613 827 655 amnes
854 587 1007 677 Helvetii3
1036 595 1187 660 ulteriora

170 708 253 786 Boji,
281 707 390 786 gallica
410 719 546 789 utraque
566 725 651 786 gens,
676 715 819 768 tenuere.
860 709 969 771 Manet
990 708 1091 773 adhuc
1111 710 1187 773 Boi·

169 823 253 885 hemi
281 844 396 885 nomen
421 825 584 906 signatque
604 821 666 885 loci
687 834 827 885 veterem
846 826 1047 904 memoriam,
1077 849 1187 909 quam·

166 941 214 1003 vis
236 941 361 1002 mutatis
383 943 565 1003 cultoribus.
614 937 677 1001 Sed
703 954 809 1003 utrum
836 939 976 1003 Aravisci
998 940 1032 1000 in
1060 943 1187 1003 Panno·

168 1052 252 1112 niam
281 1056 319 1115 ab
350 1051 440 1131 Osis,
471 1054 700 1116 Germanorum
729 1056 872 1132 natione,
906 1076 946 1115 an
970 1052 1026 1118 Osi
1047 1056 1086 1114 ab
1107 1057 1186 1116 Ara·

167 1166 259 1227 viscis
279 1168 314 1226 in
339 1166 538 1229 Germaniam
562 1170 851 1248 commigraverint,
880 1190 978 1249 quum
1000 1168 1108 1231 eodem
1131 1168 1186 1230 ad·

165 1278 228 1340 huo
250 1300 412 1358 sermone,
432 1282 596 1362 institutis,
616 1283 758 1344 moribus
779 1295 927 1360 utantur,
947 1282 1102 1345 incertum
1123 1296 1185 1346 est:

167 1392 242 1474 quia
263 1394 334 1474 pari
360 1396 432 1457 olim
460 1396 568 1478 inopia
597 1419 632 1459 ac
660 1398 804 1457 libertate
826 1395 934 1459 eadem
956 1398 1120 1481 utriusque
1140 1396 1186 1459 ri·

165 1530 225 1589 pae
256 1511 341 1571 bona
369 1513 513 1593 malaque
543 1523 643 1574 erant.
685 1511 819 1574 Treveri
849 1524 880 1574 et
903 1512 1015 1580 Nervii
1036 1514 1117 1575 circa
1138 1515 1186 1576 al·

161 1622 362 1684 sectationem
398 1625 590 1703 germanicae
626 1626 755 1706 originis
788 1629 872 1690 ultro
912 1628 1068 1690 ambitiosi
1102 1642 1185 1707 sunt,

163 1727 327 1820 tanquam
341 1760 399 1818 per
427 1729 508 1800 hanc
535 1741 666 1819 gloriam
694 1740 854 1820 sanguinis
883 1763 901 1801 a
929 1740 1132 1804 similitudine
1154 1754 1185 1803 et

162 1851 279 1913 inertia
300 1852 462 1914 Gallorum
485 1868 677 1935 separentur.
727 1855 831 1935 ipsam
852 1854 957 1915 Rheni
977 1858 1077 1935 ripam
1099 1852 1185 1915 haud

163 1961 260 2027 dubie
282 1965 512 2029 Germanorum
532 1967 643 2049 populi
666 1967 792 2046 colunt,
822 1969 1019 2049 Vangiones,
1047 1970 1184 2046 Triboci,

163 2078 321 2143 Nemetes.
365 2081 414 2144 Ne
436 2083 512 2144 Ubii
535 2082 678 2165 quidem,
707 2104 888 2167 quanquam
908 2106 1040 2147 romana
1062 2085 1185 2147 colonia

165 2216 233 2258 esse
256 2197 430 2257 meruerint
452 2219 487 2258 ac
508 2198 656 2260 libentius
679 2199 922 2280 Agrippinenses
938 2198 1114 2260 <conditoris
1136 2196 1186 2259 sui

164 2310 290 2373 nomine
311 2324 482 2391 vocentur,
514 2314 634 2395 origine
666 2318 870 2393 erubescunt,
899 2315 1083 2395 transgressi
1109 2314 1184 2374 olim

104 2436 106 2441 ‘
163 2441 194 2490 ct
213 2430 428 2510 experimento
448 2429 523 2492 fidei
543 2453 640 2513 super
662 2434 762 2514 ipsam
782 2430 887 2494 Rheni
907 2433 1009 2514 ripam
1030 2429 1181 2509 collocati,

161 2555 198 2604 ut
220 2556 378 2622 arcerent,
399 2566 465 2607 non
486 2557 522 2607 ut
543 2544 784 2608 custodirentur.

246 2656 396 2721 Omnium
425 2662 538 2722 harum
569 2662 709 2740 gentium
738 2662 852 2723 virtute
881 2655 1043 2740 praecipui
1070 2658 1181 2720 Batavi
1194 2671 1230 2721 29

161 2793 225 2835 uon
248 2776 381 2836 multum
410 2796 451 2839 ex
477 2776 548 2856 ripa
575 2773 631 2836 sed
655 2775 791 2836 insulam
812 2772 917 2835 Rheni
944 2773 1043 2834 amnis
1065 2774 1181 2848 colunt,

161 2886 345 2952 Chattorum
370 2888 530 2972 quondam
550 2891 702 2971 populus,
731 2902 762 2951 et
782 2888 934 2951 seditione
957 2887 1125 2951 domestica
1146 2886 1178 2949 in

160 3025 211 3066 eas
239 3004 327 3067 sedes
356 3018 582 3086 transgressus,
613 3008 646 3069 in
676 3006 792 3091 quibus
817 3026 890 3087 pars
912 3006 1036 3067 romani
1056 3002 1180 3084 imperii

160 3122 280 3184 fierent.
333 3123 443 3184 Manet
475 3125 579 3185 honos
616 3135 647 3184 et
684 3123 831 3203 antiquae
863 3121 1017 3183 societatis
1048 3119 1179 3200 insigne.

159 3258 233 3299 nam
254 3259 313 3299 nec
334 3239 458 3300 tributis
481 3251 741 3313 contemnuntur,
772 3258 830 3299 nec
854 3237 1040 3317 publicanus
1065 3234 1179 3297 atterit.

159 3352 298 3432 exempti
319 3352 467 3414 oneribus
496 3365 527 3414 et
556 3352 813 3416 collocationibus
836 3363 866 3412 et
887 3361 1008 3410 tantum
1030 3350 1064 3409 in
1086 3338 1178 3407 usum

156 3467 351 3547 proeliorum
374 3465 501 3547 sepositi
521 3468 608 3528 velut
634 3466 694 3526 tela
722 3477 816 3546 atque
844 3483 931 3524 arma
960 3460 1049 3523 bellis
1076 3478 1178 3520 reser-

155 3594 281 3646 vantur.
330 3564 386 3643 Est
413 3582 447 3642 in
478 3579 587 3643 eodem
612 3582 765 3663 obsequio
795 3592 826 3641 et
847 3577 1068 3639 Mattiacorum
1093 3595 1178 3653 gens.

155 3695 289 3776 protulit
310 3695 393 3757 enim
420 3692 602 3775 magnitudo
631 3693 743 3775 populi
768 3692 893 3756 romani
917 3693 1000 3751 ultra
1029 3689 1175 3750 Rhenum

156 3809 304 3893 ultraque
326 3823 446 3874 veteres
466 3809 616 3873 terminos
635 3808 761 3891 imperii
780 3807 998 3873 reverentiam.
1039 3807 1083 3867 ita
1103 3804 1175 3867 sede

67 3926 69 3931 ’
157 3919 334 4005 finibusque
355 3924 388 3985 in
405 3946 463 3986 sua
481 3924 560 4004 ripa,
579 3933 683 3984 mente
702 3924 869 4006 animoque
887 3922 1051 3984 nobiscum
1071 3931 1175 3999 agunt,

159 4047 260 4097 cetera
281 4037 395 4099 similes
416 4024 552 4114 Batavis,
573 4037 635 4099 nisi
655 4035 741 4120 quod
763 4037 833 4118 ipso
856 4036 957 4098 adbuc
977 4048 1078 4097 terrae
1101 4055 1174 4096 suae

157 4151 225 4211 solo
248 4134 278 4211 et
300 4153 386 4214 coelo
408 4152 509 4214 acrius
534 4151 724 4215 animantur.
771 4151 844 4215 Non
868 4151 1098 4214 numeraverim
1125 4150 1174 4208 in·
