2950 4775
170 324 175 335 ’
257 334 261 337 ’
327 372 371 440 os
670 366 733 434 ux
754 363 992 434 merosus

323 544 363 607 lis
388 536 544 604 distineris
571 536 598 600 si
619 537 713 620 Alpes
733 533 896 619 praesidiis
915 534 1095 611 firmentur,
1116 531 1228 596 coalita
1245 531 1349 596 liber·

325 670 389 720 tate
413 656 634 736 disceptaturas
661 652 796 732 Gallias,
823 672 918 736 quem
944 650 1061 717 virium
1079 652 1209 713 suarum
1235 649 1350 714 termi-

327 792 403 833 num
423 768 531 831 velint,

242 903 313 969 tos
410 884 495 944 Haec
518 879 600 943 dicta
625 880 743 962 pariter
767 879 975 961 probataque.
1017 877 1068 939 De
1089 877 1231 962 reliquiis
1251 878 1350 942 vital·

326 1000 404 1063 liani
426 998 578 1062 exercitus
606 995 800 1060 dubitavere.
841 994 985 1077 plerique
1012 991 1243 1057 interficiendos
1271 1016 1350 1057 cen-

327 1120 438 1181 cebant
457 1111 615 1192 turbidos,
634 1110 763 1191 infidos,
789 1114 940 1193 sanguine
960 1109 1076 1174 ducum
1096 1113 1244 1193 pollutos.
1283 1113 1350 1175 Vi·

328 1235 370 1296 cit
395 1234 478 1295 ratio
507 1229 671 1316 parcendi,
702 1250 743 1291 nc
770 1232 893 1292 sublata
921 1248 976 1311 spe
1004 1227 1114 1293 veniae
1142 1229 1349 1311 pertinaciam

329 1347 543 1412 accenderent.
591 1342 771 1408 alliciendos
802 1344 909 1427 potius
937 1343 971 1405 in
1002 1342 1191 1408 societatem.
1236 1343 1349 1425 legatis

329 1476 450 1526 tantum
478 1457 637 1540 legionum
663 1458 833 1522 interfectis
862 1469 1000 1521 ceterum
1025 1458 1135 1538 vulgus
1157 1458 1349 1521 conscientia

330 1577 480 1640 scelerum
500 1585 531 1635 et
548 1593 602 1654 spe
618 1570 812 1653 impunitatis
826 1572 916 1633 facile
931 1591 1137 1635 accessurum.
1178 1572 1226 1635 Ea
1243 1575 1349 1656 prima

331 1689 451 1752 consilii
469 1691 582 1762 forma,
601 1686 750 1768 missique
771 1707 829 1768 per
845 1685 962 1749 Gallias
982 1685 1154 1750 concitores
1174 1688 1261 1751 belli.
1303 1689 1350 1753 si·

329 1806 481 1866 mulatum
503 1802 579 1883 ipsis
600 1803 788 1884 obsequium
809 1822 873 1884 quo
893 1801 1098 1864 incautiorem
1114 1800 1270 1864 Voculam
1288 1824 1350 1885 op-

329 1918 512 1998 primerent.
560 1933 618 1974 nec
646 1912 774 1976 defuere
802 1915 858 1997 qui
883 1914 1024 1977 Voculae
1050 1913 1242 1977 nuntiarent·
1290 1913 1350 1978 sed

330 2028 413 2090 vires
443 2022 483 2086 ad
513 2022 721 2087 coercendum
746 2023 876 2089 deerant
901 2026 1154 2109 infrequentibus
1179 2026 1349 2114 infidisque
1458 2020 1459 2027 ἵ

330 2143 515 2224 legionibus.
563 2142 647 2204 inter
674 2142 837 2222 ambiguos
868 2141 983 2205 milites
1016 2156 1047 2205 et
1075 2136 1212 2207 occultos
1241 2147 1351 2209 hostes
1458 2160 1459 2213 ζ

331 2257 484 2339 optimum
505 2276 523 2317 e
544 2255 761 2336 praecentibus
790 2267 876 2318 ratus
904 2269 1015 2320 mutua
1043 2255 1289 2323 dissimulatione
1318 2272 1351 2323 et

331 2371 444 2435 iisdem
471 2372 586 2456 quibem
613 2373 779 2453 petebatur
807 2372 940 2452 grassari
968 2371 1001 2433 in
1029 2374 1184 2436 coloniam
1211 2374 1351 2458 agrippi-

331 2505 459 2546 nensem
479 2484 646 2547 descetufit
686 2486 766 2547 Illuc
788 2483 938 2546 Claudius
958 2484 1081 2564 Labeo,
1107 2509 1202 2570 quem
1222 2501 1351 2571 captum

331 2612 363 2662 et
386 2611 475 2662 extra
496 2612 684 2662 conventum
705 2597 905 2661 amandatum
927 2599 960 2660 in
977 2599 1095 2662 Frisios
1110 2599 1255 2681 diximus,
1278 2623 1353 2666 cor·

329 2713 431 2795 ruptis
452 2710 651 2790 custodibus,
678 2712 832 2792 perfugit,
860 2711 1079 2795 pollicitusque
1105 2714 1132 2777 si
1157 2713 1354 2795 praesidium
1457 2721 1458 2738 l

331 2825 474 2902 daretur,
493 2827 612 2889 iturum
636 2824 670 2887 in
690 2826 828 2888 Batavos
849 2837 880 2888 et
898 2827 1054 2907 potiorem
1075 2828 1205 2891 ciuitatis
1227 2842 1354 2911 partem

331 2939 371 3003 ad
400 2940 575 3003 societatem
604 2960 768 3002 romanam
795 2952 1019 3019 retracturum
1056 2955 1181 3024 accepta
1207 2920 1354 3025 peditum

331 3056 535 3139 equitumque
567 3052 689 3116 modica
722 3074 820 3114 manu
855 3052 934 3114 nibil
968 3052 1053 3135 apud
1084 3055 1220 3119 Batavos
1252 3075 1354 3117 ausus

331 3169 485 3252 quosdam
505 3167 697 3232 Nerviorum
717 3169 979 3251 Betasiorumque
1003 3169 1035 3230 in
1061 3192 1148 3233 arma
1173 3171 1287 3249 traxit,
1318 3183 1356 3234 et

331 3282 440 3345 furtim
460 3281 557 3362 magis
584 3303 680 3364 quam
706 3285 790 3346 bello
815 3283 1035 3348 Canninefates
1054 3285 1277 3370 Marsacosque
1297 3286 1355 3349 in·

332 3398 486 3459 cursabat.
525 3395 649 3459 Vocula
678 3395 843 3460 Gallorum
870 3397 981 3461 fraude
1009 3400 1129 3464 illectus
1158 3397 1198 3461 ad
1226 3400 1356 3464 hostem

331 3511 501 3578 contendit.

248 3660 319 3724 gg,
414 3628 482 3691 Nec
511 3627 623 3709 procul
650 3626 820 3690 Veteribus
849 3630 974 3706 aberat,
1005 3649 1103 3712 quum
1130 3624 1284 3689 Classicus
1315 3648 1356 3690 ac

332 3745 434 3806 Tutor
462 3763 521 3825 per
548 3742 682 3824 speciem
712 3739 899 3823 explorandi
924 3744 1098 3825 praegressi
1125 3763 1196 3804 cum
1218 3741 1357 3804 ducibus

333 3857 564 3920 Germanorum
584 3869 674 3939 pacta
693 3858 867 3921 firmavere.
908 3860 1055 3942 Tumque
1071 3860 1208 3940 primum
1226 3855 1358 3920 discreti

334 3996 353 4035 a
374 3949 548 4054 legionibus
571 3975 703 4055 proprio
732 3977 817 4038 vallo
845 3987 944 4037 castra
972 3997 1029 4038 sua
1051 3972 1260 4050 circtsntdant,
1293 3976 1357 4037 ob·

332 4100 464 4152 testante
482 4089 605 4152 Vocula
626 4091 702 4151 ‘non
723 4085 803 4151 adeo
824 4092 979 4152 turbatam
1002 4089 1146 4155 civilibus
1166 4089 1260 4151 armis
1281 4107 1357 4151 rem
