<?xml version="1.0" encoding="UTF-8"?>
<!DOCTYPE html PUBLIC "-//W3C//DTD XHTML 1.0 Transitional//EN"
    "http://www.w3.org/TR/xhtml1/DTD/xhtml1-transitional.dtd">
<html xmlns="http://www.w3.org/1999/xhtml" xml:lang="en" lang="en">
 <head>
  <title>
</title>
<meta http-equiv="Content-Type" content="text/html;charset=utf-8" />
  <meta name='ocr-system' content='tesseract 3.04.00' />
  <meta name='ocr-capabilities' content='ocr_page ocr_carea ocr_par ocr_line ocrx_word'/>
</head>
<body>
  <div class='ocr_page' id='page_1' title='image "./tacitigermania01grimgoog_0020.png"; bbox 0 0 2950 4775; ppageno 0'>
   <div class='ocr_carea' id='block_1_1' title="bbox 321 405 948 477">
    <p class='ocr_par' dir='ltr' id='par_1_1' title="bbox 321 405 948 477">
     <span class='ocr_line' id='line_1_1' title="bbox 321 405 948 477; baseline -0.008 0"><span class='ocrx_word' id='word_1_1' title='bbox 321 414 360 477; x_wconf 88' lang='grc'>16</span> <span class='ocrx_word' id='word_1_2' title='bbox 715 405 948 476; x_wconf 79' lang='lat' dir='ltr'>GERMANIA</span> 
     </span>
    </p>
   </div>
   <div class='ocr_carea' id='block_1_2' title="bbox 318 579 1336 661">
    <p class='ocr_par' dir='ltr' id='par_1_2' title="bbox 318 579 1336 661">
     <span class='ocr_line' id='line_1_2' title="bbox 318 579 1336 661; baseline -0.003 -15"><span class='ocrx_word' id='word_1_3' title='bbox 318 597 367 646; x_wconf 90' lang='lat' dir='ltr'>ter</span> <span class='ocrx_word' id='word_1_4' title='bbox 388 579 573 645; x_wconf 82' lang='lat' dir='ltr'>Germaniae</span> <span class='ocrx_word' id='word_1_5' title='bbox 594 580 748 661; x_wconf 88' lang='lat' dir='ltr'>populos,</span> <span class='ocrx_word' id='word_1_6' title='bbox 781 600 961 661; x_wconf 84' lang='lat' dir='ltr'>quanquam</span> <span class='ocrx_word' id='word_1_7' title='bbox 990 592 1077 642; x_wconf 92' lang='lat' dir='ltr'>trans</span> <span class='ocrx_word' id='word_1_8' title='bbox 1102 579 1248 642; x_wconf 86' lang='lat' dir='ltr'>Rhenum</span> <span class='ocrx_word' id='word_1_9' title='bbox 1268 580 1336 644; x_wconf 90' lang='lat' dir='ltr'>Da·</span> 
     </span>
    </p>
   </div>
   <div class='ocr_carea' id='block_1_3' title="bbox 318 693 1336 779">
    <p class='ocr_par' dir='ltr' id='par_1_3' title="bbox 318 693 1336 779">
     <span class='ocr_line' id='line_1_3' title="bbox 318 693 1336 779; baseline 0 -20"><span class='ocrx_word' id='word_1_10' title='bbox 318 699 513 779; x_wconf 89' lang='lat' dir='ltr'>nubiumque</span> <span class='ocrx_word' id='word_1_11' title='bbox 538 694 752 773; x_wconf 83' lang='lat' dir='ltr'><strong>consederint,</strong></span> <span class='ocrx_word' id='word_1_12' title='bbox 775 715 829 757; x_wconf 91' lang='lat' dir='ltr'>eos</span> <span class='ocrx_word' id='word_1_13' title='bbox 852 693 909 778; x_wconf 91' lang='lat' dir='ltr'>qui</span> <span class='ocrx_word' id='word_1_14' title='bbox 929 694 1105 759; x_wconf 80' lang='lat' dir='ltr'>decumatas</span> <span class='ocrx_word' id='word_1_15' title='bbox 1129 716 1218 777; x_wconf 84' lang='lat' dir='ltr'>agros</span> <span class='ocrx_word' id='word_1_16' title='bbox 1243 717 1336 760; x_wconf 84' lang='lat' dir='ltr'>exer·</span> 
     </span>
    </p>
   </div>
   <div class='ocr_carea' id='block_1_4' title="bbox 181 809 1407 4221">
    <p class='ocr_par' dir='ltr' id='par_1_4' title="bbox 181 809 1407 4221">
     <span class='ocr_line' id='line_1_4' title="bbox 319 809 1336 896; baseline -0.004 -18"><span class='ocrx_word' id='word_1_17' title='bbox 319 827 400 878; x_wconf 86' lang='lat' dir='ltr'>cent.</span> <span class='ocrx_word' id='word_1_18' title='bbox 440 812 615 877; x_wconf 84' lang='lat' dir='ltr'>levissimus</span> <span class='ocrx_word' id='word_1_19' title='bbox 637 814 770 896; x_wconf 85' lang='lat' dir='ltr'>quisque</span> <span class='ocrx_word' id='word_1_20' title='bbox 789 811 952 874; x_wconf 84' lang='lat' dir='ltr'>Gallorum</span> <span class='ocrx_word' id='word_1_21' title='bbox 975 824 1006 873; x_wconf 92' lang='lat' dir='ltr'>et</span> <span class='ocrx_word' id='word_1_22' title='bbox 1026 811 1134 894; x_wconf 88' lang='lat' dir='ltr'>inopia</span> <span class='ocrx_word' id='word_1_23' title='bbox 1155 809 1259 874; x_wconf 85' lang='lat' dir='ltr'>audax</span> <span class='ocrx_word' id='word_1_24' title='bbox 1277 812 1336 875; x_wconf 91' lang='lat' dir='ltr'>du·</span> 
     </span>
     <span class='ocr_line' id='line_1_5' title="bbox 317 925 1407 1007; baseline 0.003 -20"><span class='ocrx_word' id='word_1_25' title='bbox 317 926 388 988; x_wconf 90' lang='lat' dir='ltr'>biae</span> <span class='ocrx_word' id='word_1_26' title='bbox 417 925 622 1007; x_wconf 79' lang='lat' dir='ltr'>possessionis</span> <span class='ocrx_word' id='word_1_27' title='bbox 651 928 754 988; x_wconf 89' lang='lat' dir='ltr'>solum</span> <span class='ocrx_word' id='word_1_28' title='bbox 786 945 987 1007; x_wconf 85' lang='lat' dir='ltr'>occupavere.</span> <span class='ocrx_word' id='word_1_29' title='bbox 1032 928 1113 988; x_wconf 87' lang='lat' dir='ltr'>Mox</span> <span class='ocrx_word' id='word_1_30' title='bbox 1138 927 1236 990; x_wconf 89' lang='lat' dir='ltr'>limite</span> <span class='ocrx_word' id='word_1_31' title='bbox 1266 940 1336 991; x_wconf 91' lang='lat' dir='ltr'>acto</span> <span class='ocrx_word' id='word_1_32' title='bbox 1402 996 1407 1004; x_wconf 27' lang='lat'><strong>⁴</strong></span> 
     </span>
     <span class='ocr_line' id='line_1_6' title="bbox 316 1038 1336 1125; baseline 0.003 -23"><span class='ocrx_word' id='word_1_33' title='bbox 316 1045 530 1124; x_wconf 71' lang='lat' dir='ltr'>promotisque</span> <span class='ocrx_word' id='word_1_34' title='bbox 552 1038 715 1124; x_wconf 85' lang='lat' dir='ltr'>praesidiis</span> <span class='ocrx_word' id='word_1_35' title='bbox 737 1040 824 1103; x_wconf 88' lang='lat' dir='ltr'>sinus</span> <span class='ocrx_word' id='word_1_36' title='bbox 851 1041 976 1123; x_wconf 89' lang='lat' dir='ltr'>imperii</span> <span class='ocrx_word' id='word_1_37' title='bbox 1004 1052 1034 1103; x_wconf 88' lang='lat' dir='ltr'>et</span> <span class='ocrx_word' id='word_1_38' title='bbox 1054 1063 1127 1125; x_wconf 88' lang='lat' dir='ltr'>pars</span> <span class='ocrx_word' id='word_1_39' title='bbox 1154 1043 1336 1124; x_wconf 83' lang='lat' dir='ltr'>provinciae</span> 
     </span>
     <span class='ocr_line' id='line_1_7' title="bbox 316 1157 484 1218; baseline -0.006 0"><span class='ocrx_word' id='word_1_40' title='bbox 316 1157 484 1218; x_wconf 86' lang='lat' dir='ltr'>habentur.</span> 
     </span>
     <span class='ocr_line' id='line_1_8' title="bbox 268 1266 1337 1352; baseline -0.009 -13"><span class='ocrx_word' id='word_1_41' title='bbox 268 1290 306 1340; x_wconf 81' lang='lat' dir='ltr'>tto</span> <span class='ocrx_word' id='word_1_42' title='bbox 402 1271 495 1334; x_wconf 87' lang='lat' dir='ltr'>Ultra</span> <span class='ocrx_word' id='word_1_43' title='bbox 521 1272 580 1332; x_wconf 84' lang='lat' dir='ltr'>hos</span> <span class='ocrx_word' id='word_1_44' title='bbox 610 1268 714 1333; x_wconf 78' lang='lat' dir='ltr'>Chatti</span> <span class='ocrx_word' id='word_1_45' title='bbox 741 1267 867 1333; x_wconf 91' lang='lat' dir='ltr'>initium</span> <span class='ocrx_word' id='word_1_46' title='bbox 894 1268 975 1333; x_wconf 87' lang='lat' dir='ltr'>sedis</span> <span class='ocrx_word' id='word_1_47' title='bbox 1005 1270 1045 1330; x_wconf 91' lang='lat' dir='ltr'>ab</span> <span class='ocrx_word' id='word_1_48' title='bbox 1073 1266 1226 1352; x_wconf 87' lang='lat' dir='ltr'>hercynio</span> <span class='ocrx_word' id='word_1_49' title='bbox 1255 1268 1337 1330; x_wconf 89' lang='lat' dir='ltr'>saltu</span> 
     </span>
     <span class='ocr_line' id='line_1_9' title="bbox 317 1382 1336 1465; baseline 0 -20"><span class='ocrx_word' id='word_1_50' title='bbox 317 1385 485 1462; x_wconf 86' lang='lat' dir='ltr'>inchoant,</span> <span class='ocrx_word' id='word_1_51' title='bbox 514 1382 643 1447; x_wconf 85' lang='lat' dir='ltr'>nonita</span> <span class='ocrx_word' id='word_1_52' title='bbox 665 1383 773 1447; x_wconf 84' lang='lat' dir='ltr'>effusis</span> <span class='ocrx_word' id='word_1_53' title='bbox 795 1405 830 1446; x_wconf 90' lang='lat' dir='ltr'>ac</span> <span class='ocrx_word' id='word_1_54' title='bbox 850 1383 1039 1465; x_wconf 75' lang='lat' dir='ltr'>palustribus</span> <span class='ocrx_word' id='word_1_55' title='bbox 1059 1383 1137 1446; x_wconf 91' lang='lat' dir='ltr'>locis</span> <span class='ocrx_word' id='word_1_56' title='bbox 1160 1395 1194 1446; x_wconf 89' lang='lat' dir='ltr'>ut</span> <span class='ocrx_word' id='word_1_57' title='bbox 1216 1394 1336 1446; x_wconf 89' lang='lat' dir='ltr'>ceterae</span> 
     </span>
     <span class='ocr_line' id='line_1_10' title="bbox 318 1495 1337 1582; baseline 0 -22"><span class='ocrx_word' id='word_1_58' title='bbox 318 1498 475 1574; x_wconf 76' lang='lat' dir='ltr'>ciuitates,</span> <span class='ocrx_word' id='word_1_59' title='bbox 508 1496 546 1578; x_wconf 74' lang='lat' dir='ltr'>iu</span> <span class='ocrx_word' id='word_1_60' title='bbox 571 1519 648 1580; x_wconf 89' lang='lat' dir='ltr'>quas</span> <span class='ocrx_word' id='word_1_61' title='bbox 671 1497 840 1560; x_wconf 86' lang='lat' dir='ltr'>Germania</span> <span class='ocrx_word' id='word_1_62' title='bbox 868 1500 1013 1580; x_wconf 84' lang='lat' dir='ltr'>patescit3</span> <span class='ocrx_word' id='word_1_63' title='bbox 1046 1497 1161 1561; x_wconf 90' lang='lat' dir='ltr'>durant</span> <span class='ocrx_word' id='word_1_64' title='bbox 1181 1495 1337 1582; x_wconf 89' lang='lat' dir='ltr'>siquidem</span> 
     </span>
     <span class='ocr_line' id='line_1_11' title="bbox 318 1615 1338 1697; baseline -0.001 -20"><span class='ocrx_word' id='word_1_65' title='bbox 318 1617 436 1693; x_wconf 85' lang='lat' dir='ltr'>colles,¹</span> <span class='ocrx_word' id='word_1_66' title='bbox 467 1615 618 1697; x_wconf 88' lang='lat' dir='ltr'>paulatim</span> <span class='ocrx_word' id='word_1_67' title='bbox 639 1629 816 1696; x_wconf 88' lang='lat' dir='ltr'>rarescunt,</span> <span class='ocrx_word' id='word_1_68' title='bbox 848 1627 880 1677; x_wconf 88' lang='lat' dir='ltr'>et</span> <span class='ocrx_word' id='word_1_69' title='bbox 900 1615 1028 1678; x_wconf 90' lang='lat' dir='ltr'>Chattos</span> <span class='ocrx_word' id='word_1_70' title='bbox 1050 1635 1123 1678; x_wconf 90' lang='lat' dir='ltr'>suos</span> <span class='ocrx_word' id='word_1_71' title='bbox 1145 1615 1242 1677; x_wconf 88' lang='lat' dir='ltr'>saltus</span> <span class='ocrx_word' id='word_1_72' title='bbox 1263 1615 1338 1677; x_wconf 89' lang='lat' dir='ltr'>her·</span> 
     </span>
     <span class='ocr_line' id='line_1_12' title="bbox 318 1726 1337 1811; baseline 0.001 -22"><span class='ocrx_word' id='word_1_73' title='bbox 318 1731 427 1811; x_wconf 89' lang='lat' dir='ltr'>cynius</span> <span class='ocrx_word' id='word_1_74' title='bbox 450 1730 654 1810; x_wconf 88' lang='lat' dir='ltr'>prosequitur</span> <span class='ocrx_word' id='word_1_75' title='bbox 677 1728 885 1811; x_wconf 89' lang='lat' dir='ltr'>simulatque</span> <span class='ocrx_word' id='word_1_76' title='bbox 907 1726 1045 1810; x_wconf 86' lang='lat' dir='ltr'>deponit.</span> <span class='ocrx_word' id='word_1_77' title='bbox 1093 1726 1234 1790; x_wconf 89' lang='lat' dir='ltr'>Duriora</span> <span class='ocrx_word' id='word_1_78' title='bbox 1253 1727 1337 1807; x_wconf 84' lang='lat' dir='ltr'>genti</span> 
     </span>
     <span class='ocr_line' id='line_1_13' title="bbox 318 1840 1338 1925; baseline -0.004 -18"><span class='ocrx_word' id='word_1_79' title='bbox 318 1864 460 1925; x_wconf 89' lang='lat' dir='ltr'>corpora,</span> <span class='ocrx_word' id='word_1_80' title='bbox 483 1844 581 1905; x_wconf 89' lang='lat' dir='ltr'>stricti</span> <span class='ocrx_word' id='word_1_81' title='bbox 602 1855 707 1922; x_wconf 88' lang='lat' dir='ltr'>artus,</span> <span class='ocrx_word' id='word_1_82' title='bbox 737 1845 846 1908; x_wconf 80' lang='lat' dir='ltr'>minax</span> <span class='ocrx_word' id='word_1_83' title='bbox 864 1845 970 1908; x_wconf 87' lang='lat' dir='ltr'>vultus</span> <span class='ocrx_word' id='word_1_84' title='bbox 993 1856 1023 1906; x_wconf 89' lang='lat' dir='ltr'>et</span> <span class='ocrx_word' id='word_1_85' title='bbox 1046 1847 1148 1921; x_wconf 87' lang='lat' dir='ltr'>major</span> <span class='ocrx_word' id='word_1_86' title='bbox 1169 1840 1266 1905; x_wconf 90' lang='lat' dir='ltr'>animi</span> <span class='ocrx_word' id='word_1_87' title='bbox 1289 1840 1338 1903; x_wconf 86' lang='lat' dir='ltr'>vi·</span> 
     </span>
     <span class='ocr_line' id='line_1_14' title="bbox 319 1944 1336 2040; baseline -0.003 -18"><span class='ocrx_word' id='word_1_88' title='bbox 319 1982 386 2040; x_wconf 84' lang='lat' dir='ltr'>gor.</span> <span class='ocrx_word' id='word_1_89' title='bbox 427 1960 560 2023; x_wconf 89' lang='lat' dir='ltr'>multum</span> <span class='ocrx_word' id='word_1_90' title='bbox 580 1973 616 2023; x_wconf 90' lang='lat' dir='ltr'>ut</span> <span class='ocrx_word' id='word_1_91' title='bbox 643 1961 725 2024; x_wconf 90' lang='lat' dir='ltr'>inter</span> <span class='ocrx_word' id='word_1_92' title='bbox 751 1944 924 2024; x_wconf 87' lang='lat' dir='ltr'>Germanos</span> <span class='ocrx_word' id='word_1_93' title='bbox 948 1961 1079 2024; x_wconf 87' lang='lat' dir='ltr'>rationis</span> <span class='ocrx_word' id='word_1_94' title='bbox 1100 1984 1135 2023; x_wconf 86' lang='lat' dir='ltr'>ae</span> <span class='ocrx_word' id='word_1_95' title='bbox 1160 1956 1336 2022; x_wconf 80' lang='lat' dir='ltr'>sollertiae:</span> 
     </span>
     <span class='ocr_line' id='line_1_15' title="bbox 317 2069 1339 2157; baseline -0.004 -21"><span class='ocrx_word' id='word_1_96' title='bbox 317 2095 514 2156; x_wconf 86' lang='lat' dir='ltr'>praeponere</span> <span class='ocrx_word' id='word_1_97' title='bbox 537 2076 668 2153; x_wconf 88' lang='lat' dir='ltr'>eleetos,</span> <span class='ocrx_word' id='word_1_98' title='bbox 699 2072 809 2137; x_wconf 90' lang='lat' dir='ltr'>audirc</span> <span class='ocrx_word' id='word_1_99' title='bbox 836 2075 1048 2157; x_wconf 88' lang='lat' dir='ltr'>praepositos,</span> <span class='ocrx_word' id='word_1_100' title='bbox 1080 2094 1173 2136; x_wconf 88' lang='lat' dir='ltr'>nosse</span> <span class='ocrx_word' id='word_1_101' title='bbox 1201 2069 1339 2150; x_wconf 88' lang='lat' dir='ltr'>ordines,</span> 
     </span>
     <span class='ocr_line' id='line_1_16' title="bbox 318 2187 1337 2271; baseline 0 -22"><span class='ocrx_word' id='word_1_102' title='bbox 318 2189 491 2270; x_wconf 85' lang='lat' dir='ltr'>intelligere</span> <span class='ocrx_word' id='word_1_103' title='bbox 511 2189 707 2267; x_wconf 82' lang='lat' dir='ltr'>occasiones,</span> <span class='ocrx_word' id='word_1_104' title='bbox 734 2188 861 2251; x_wconf 80' lang='lat' dir='ltr'>differre</span> <span class='ocrx_word' id='word_1_105' title='bbox 882 2191 1034 2271; x_wconf 86' lang='lat' dir='ltr'>impetus,</span> <span class='ocrx_word' id='word_1_106' title='bbox 1058 2188 1225 2271; x_wconf 89' lang='lat' dir='ltr'>disponere</span> <span class='ocrx_word' id='word_1_107' title='bbox 1245 2187 1337 2266; x_wconf 88' lang='lat' dir='ltr'>diem,</span> 
     </span>
     <span class='ocr_line' id='line_1_17' title="bbox 318 2301 1339 2389; baseline -0.004 -23"><span class='ocrx_word' id='word_1_108' title='bbox 318 2306 435 2389; x_wconf 83' lang='lat' dir='ltr'>vallare</span> <span class='ocrx_word' id='word_1_109' title='bbox 457 2316 597 2381; x_wconf 89' lang='lat' dir='ltr'>noctem,</span> <span class='ocrx_word' id='word_1_110' title='bbox 631 2305 791 2386; x_wconf 76' lang='lat' dir='ltr'>fortunam</span> <span class='ocrx_word' id='word_1_111' title='bbox 820 2304 904 2365; x_wconf 90' lang='lat' dir='ltr'>iuter</span> <span class='ocrx_word' id='word_1_112' title='bbox 934 2301 1047 2383; x_wconf 83' lang='lat' dir='ltr'>dubia,</span> <span class='ocrx_word' id='word_1_113' title='bbox 1078 2303 1226 2367; x_wconf 84' lang='lat' dir='ltr'>virtutem</span> <span class='ocrx_word' id='word_1_114' title='bbox 1254 2301 1339 2362; x_wconf 89' lang='lat' dir='ltr'>inter</span> 
     </span>
     <span class='ocr_line' id='line_1_18' title="bbox 320 2419 1338 2503; baseline -0.003 -22"><span class='ocrx_word' id='word_1_115' title='bbox 320 2430 405 2481; x_wconf 89' lang='lat' dir='ltr'>certa</span> <span class='ocrx_word' id='word_1_116' title='bbox 426 2438 609 2494; x_wconf 85' lang='lat' dir='ltr'>numerare,</span> <span class='ocrx_word' id='word_1_117' title='bbox 644 2419 794 2503; x_wconf 87' lang='lat' dir='ltr'>quodque</span> <span class='ocrx_word' id='word_1_118' title='bbox 814 2420 1009 2482; x_wconf 86' lang='lat' dir='ltr'>rarissimum</span> <span class='ocrx_word' id='word_1_119' title='bbox 1029 2441 1087 2481; x_wconf 89' lang='lat' dir='ltr'>nec</span> <span class='ocrx_word' id='word_1_120' title='bbox 1107 2419 1169 2481; x_wconf 91' lang='lat' dir='ltr'>nisi</span> <span class='ocrx_word' id='word_1_121' title='bbox 1187 2439 1338 2480; x_wconf 89' lang='lat' dir='ltr'>romanae</span> 
     </span>
     <span class='ocr_line' id='line_1_19' title="bbox 320 2529 1339 2614; baseline 0.001 -22"><span class='ocrx_word' id='word_1_122' title='bbox 320 2529 501 2612; x_wconf 87' lang='lat' dir='ltr'>disciplinae</span> <span class='ocrx_word' id='word_1_123' title='bbox 529 2552 728 2609; x_wconf 88' lang='lat' dir='ltr'>concessum,</span> <span class='ocrx_word' id='word_1_124' title='bbox 759 2532 832 2613; x_wconf 92' lang='lat' dir='ltr'>plus</span> <span class='ocrx_word' id='word_1_125' title='bbox 852 2553 1007 2613; x_wconf 87' lang='lat' dir='ltr'>reponere</span> <span class='ocrx_word' id='word_1_126' title='bbox 1033 2533 1069 2593; x_wconf 88' lang='lat' dir='ltr'>in</span> <span class='ocrx_word' id='word_1_127' title='bbox 1090 2531 1168 2593; x_wconf 90' lang='lat' dir='ltr'>duce</span> <span class='ocrx_word' id='word_1_128' title='bbox 1190 2552 1285 2614; x_wconf 86' lang='lat' dir='ltr'>quam</span> <span class='ocrx_word' id='word_1_129' title='bbox 1304 2530 1339 2593; x_wconf 91' lang='lat' dir='ltr'>in</span> 
     </span>
     <span class='ocr_line' id='line_1_20' title="bbox 320 2632 1339 2729; baseline -0.001 -21"><span class='ocrx_word' id='word_1_130' title='bbox 320 2649 469 2710; x_wconf 89' lang='lat' dir='ltr'>exercitu.</span> <span class='ocrx_word' id='word_1_131' title='bbox 512 2643 622 2709; x_wconf 85' lang='lat' dir='ltr'>-Omne</span> <span class='ocrx_word' id='word_1_132' title='bbox 652 2647 754 2707; x_wconf 91' lang='lat' dir='ltr'>robur</span> <span class='ocrx_word' id='word_1_133' title='bbox 781 2646 817 2707; x_wconf 89' lang='lat' dir='ltr'>in</span> <span class='ocrx_word' id='word_1_134' title='bbox 845 2646 967 2728; x_wconf 84' lang='lat' dir='ltr'>pedite,</span> <span class='ocrx_word' id='word_1_135' title='bbox 1001 2632 1095 2729; x_wconf 85' lang='lat' dir='ltr'>quem</span> <span class='ocrx_word' id='word_1_136' title='bbox 1125 2667 1221 2728; x_wconf 89' lang='lat' dir='ltr'>super</span> <span class='ocrx_word' id='word_1_137' title='bbox 1253 2668 1339 2708; x_wconf 90' lang='lat' dir='ltr'>arma</span> 
     </span>
     <span class='ocr_line' id='line_1_21' title="bbox 320 2759 1340 2844; baseline 0.001 -22"><span class='ocrx_word' id='word_1_138' title='bbox 320 2761 517 2825; x_wconf 86' lang='lat' dir='ltr'>ferramentis</span> <span class='ocrx_word' id='word_1_139' title='bbox 544 2781 672 2844; x_wconf 91' lang='lat' dir='ltr'>quoque</span> <span class='ocrx_word' id='word_1_140' title='bbox 701 2774 731 2824; x_wconf 89' lang='lat' dir='ltr'>et</span> <span class='ocrx_word' id='word_1_141' title='bbox 759 2761 857 2844; x_wconf 90' lang='lat' dir='ltr'>copiis</span> <span class='ocrx_word' id='word_1_142' title='bbox 880 2775 1022 2825; x_wconf 89' lang='lat' dir='ltr'>onerant.</span> <span class='ocrx_word' id='word_1_143' title='bbox 1074 2762 1160 2824; x_wconf 83' lang='lat' dir='ltr'>Alios</span> <span class='ocrx_word' id='word_1_144' title='bbox 1186 2759 1227 2822; x_wconf 89' lang='lat' dir='ltr'>ad</span> <span class='ocrx_word' id='word_1_145' title='bbox 1245 2781 1340 2842; x_wconf 90' lang='lat' dir='ltr'>proe-</span> 
     </span>
     <span class='ocr_line' id='line_1_22' title="bbox 318 2871 1340 2952; baseline 0.001 -17"><span class='ocrx_word' id='word_1_146' title='bbox 318 2875 399 2936; x_wconf 92' lang='lat' dir='ltr'>lium</span> <span class='ocrx_word' id='word_1_147' title='bbox 428 2875 475 2937; x_wconf 91' lang='lat' dir='ltr'>ire</span> <span class='ocrx_word' id='word_1_148' title='bbox 504 2871 627 2952; x_wconf 87' lang='lat' dir='ltr'>videas,</span> <span class='ocrx_word' id='word_1_149' title='bbox 659 2872 789 2937; x_wconf 86' lang='lat' dir='ltr'>Chattos</span> <span class='ocrx_word' id='word_1_150' title='bbox 812 2871 853 2935; x_wconf 91' lang='lat' dir='ltr'>ad</span> <span class='ocrx_word' id='word_1_151' title='bbox 878 2874 1016 2936; x_wconf 78' lang='lat' dir='ltr'>bellums</span> <span class='ocrx_word' id='word_1_152' title='bbox 1049 2873 1115 2936; x_wconf 88' lang='lat' dir='ltr'>rari</span> <span class='ocrx_word' id='word_1_153' title='bbox 1136 2894 1286 2937; x_wconf 84' lang='lat' dir='ltr'>excursus</span> <span class='ocrx_word' id='word_1_154' title='bbox 1310 2887 1340 2936; x_wconf 87' lang='lat' dir='ltr'>et</span> 
     </span>
     <span class='ocr_line' id='line_1_23' title="bbox 321 2989 1340 3074; baseline 0.001 -23"><span class='ocrx_word' id='word_1_155' title='bbox 321 2991 450 3053; x_wconf 86' lang='lat' dir='ltr'>fortuita</span> <span class='ocrx_word' id='word_1_156' title='bbox 476 3012 591 3071; x_wconf 84' lang='lat' dir='ltr'>pugna.</span> <span class='ocrx_word' id='word_1_157' title='bbox 633 2989 834 3073; x_wconf 84' lang='lat' dir='ltr'>Equestrium</span> <span class='ocrx_word' id='word_1_158' title='bbox 860 3011 935 3053; x_wconf 87' lang='lat' dir='ltr'>sane</span> <span class='ocrx_word' id='word_1_159' title='bbox 963 2991 1078 3055; x_wconf 84' lang='lat' dir='ltr'>virium</span> <span class='ocrx_word' id='word_1_160' title='bbox 1105 2990 1139 3053; x_wconf 93' lang='lat' dir='ltr'>id</span> <span class='ocrx_word' id='word_1_161' title='bbox 1164 2991 1340 3074; x_wconf 90' lang='lat' dir='ltr'>proprium,</span> 
     </span>
     <span class='ocr_line' id='line_1_24' title="bbox 322 3104 1340 3187; baseline -0.001 -19"><span class='ocrx_word' id='word_1_162' title='bbox 322 3106 383 3169; x_wconf 91' lang='lat' dir='ltr'>cito</span> <span class='ocrx_word' id='word_1_163' title='bbox 405 3124 516 3187; x_wconf 85' lang='lat' dir='ltr'>parare</span> <span class='ocrx_word' id='word_1_164' title='bbox 536 3104 719 3181; x_wconf 82' lang='lat' dir='ltr'>victoriam,</span> <span class='ocrx_word' id='word_1_165' title='bbox 748 3109 809 3172; x_wconf 88' lang='lat' dir='ltr'>cito</span> <span class='ocrx_word' id='word_1_166' title='bbox 832 3106 952 3170; x_wconf 89' lang='lat' dir='ltr'>cedere.</span> <span class='ocrx_word' id='word_1_167' title='bbox 992 3108 1140 3170; x_wconf 86' lang='lat' dir='ltr'>velocitas</span> <span class='ocrx_word' id='word_1_168' title='bbox 1164 3112 1253 3185; x_wconf 88' lang='lat' dir='ltr'>juxta</span> <span class='ocrx_word' id='word_1_169' title='bbox 1274 3107 1340 3169; x_wconf 87' lang='lat' dir='ltr'>for-</span> 
     </span>
     <span class='ocr_line' id='line_1_25' title="bbox 181 3206 1340 3302; baseline 0.004 -25"><span class='ocrx_word' id='word_1_170' title='bbox 181 3206 184 3211; x_wconf 63' lang='grc'><strong>’</strong></span> <span class='ocrx_word' id='word_1_171' title='bbox 270 3226 306 3278; x_wconf 84' lang='lat' dir='ltr'>st</span> <span class='ocrx_word' id='word_1_172' title='bbox 322 3216 488 3295; x_wconf 77' lang='lat' dir='ltr'>audirem,</span> <span class='ocrx_word' id='word_1_173' title='bbox 523 3220 677 3282; x_wconf 87' lang='lat' dir='ltr'>cunctatio</span> <span class='ocrx_word' id='word_1_174' title='bbox 709 3223 844 3302; x_wconf 90' lang='lat' dir='ltr'>propior</span> <span class='ocrx_word' id='word_1_175' title='bbox 871 3219 1062 3283; x_wconf 87' lang='lat' dir='ltr'>constantiae</span> <span class='ocrx_word' id='word_1_176' title='bbox 1093 3232 1150 3284; x_wconf 88' lang='lat' dir='ltr'>est.</span> <span class='ocrx_word' id='word_1_177' title='bbox 1198 3220 1240 3283; x_wconf 93' lang='lat' dir='ltr'>Et</span> <span class='ocrx_word' id='word_1_178' title='bbox 1272 3219 1340 3282; x_wconf 84' lang='lat' dir='ltr'>aliis</span> 
     </span>
     <span class='ocr_line' id='line_1_26' title="bbox 323 3331 1341 3417; baseline 0.005 -24"><span class='ocrx_word' id='word_1_179' title='bbox 323 3331 550 3393; x_wconf 81' lang='lat' dir='ltr'>Germanorum</span> <span class='ocrx_word' id='word_1_180' title='bbox 574 3334 700 3414; x_wconf 87' lang='lat' dir='ltr'>populis</span> <span class='ocrx_word' id='word_1_181' title='bbox 722 3348 908 3415; x_wconf 86' lang='lat' dir='ltr'>usurpatum</span> <span class='ocrx_word' id='word_1_182' title='bbox 929 3354 1003 3396; x_wconf 88' lang='lat' dir='ltr'>raro</span> <span class='ocrx_word' id='word_1_183' title='bbox 1032 3345 1063 3396; x_wconf 89' lang='lat' dir='ltr'>ct</span> <span class='ocrx_word' id='word_1_184' title='bbox 1088 3336 1211 3417; x_wconf 86' lang='lat' dir='ltr'>privata</span> <span class='ocrx_word' id='word_1_185' title='bbox 1236 3339 1341 3413; x_wconf 87' lang='lat' dir='ltr'>cujus·</span> 
     </span>
     <span class='ocr_line' id='line_1_27' title="bbox 322 3443 1341 3530; baseline 0.005 -25"><span class='ocrx_word' id='word_1_186' title='bbox 322 3466 384 3528; x_wconf 86' lang='lat' dir='ltr'>qus</span> <span class='ocrx_word' id='word_1_187' title='bbox 409 3443 556 3507; x_wconf 86' lang='lat' dir='ltr'>audentia</span> <span class='ocrx_word' id='word_1_188' title='bbox 578 3444 662 3528; x_wconf 90' lang='lat' dir='ltr'>apud</span> <span class='ocrx_word' id='word_1_189' title='bbox 682 3445 811 3509; x_wconf 88' lang='lat' dir='ltr'>Chattos</span> <span class='ocrx_word' id='word_1_190' title='bbox 831 3449 866 3509; x_wconf 92' lang='lat' dir='ltr'>in</span> <span class='ocrx_word' id='word_1_191' title='bbox 887 3467 1072 3510; x_wconf 87' lang='lat' dir='ltr'>consensum</span> <span class='ocrx_word' id='word_1_192' title='bbox 1094 3449 1196 3523; x_wconf 81' lang='lat' dir='ltr'>vertit,</span> <span class='ocrx_word' id='word_1_193' title='bbox 1217 3460 1253 3510; x_wconf 90' lang='lat' dir='ltr'>ut</span> <span class='ocrx_word' id='word_1_194' title='bbox 1273 3447 1341 3530; x_wconf 87' lang='lat' dir='ltr'>pri·</span> 
     </span>
     <span class='ocr_line' id='line_1_28' title="bbox 322 3559 1340 3647; baseline 0.002 -24"><span class='ocrx_word' id='word_1_195' title='bbox 322 3583 409 3624; x_wconf 91' lang='lat' dir='ltr'>mum</span> <span class='ocrx_word' id='word_1_196' title='bbox 439 3559 649 3638; x_wconf 84' lang='lat' dir='ltr'>adoleverint,</span> <span class='ocrx_word' id='word_1_197' title='bbox 682 3565 801 3625; x_wconf 87' lang='lat' dir='ltr'>crinem</span> <span class='ocrx_word' id='word_1_198' title='bbox 829 3564 1023 3647; x_wconf 86' lang='lat' dir='ltr'>barbamque</span> <span class='ocrx_word' id='word_1_199' title='bbox 1051 3565 1250 3639; x_wconf 89' lang='lat' dir='ltr'>submittere,</span> <span class='ocrx_word' id='word_1_200' title='bbox 1269 3580 1340 3625; x_wconf 89' lang='lat' dir='ltr'>·nec</span> 
     </span>
     <span class='ocr_line' id='line_1_29' title="bbox 322 3675 1340 3760; baseline 0.004 -25"><span class='ocrx_word' id='word_1_201' title='bbox 322 3675 383 3736; x_wconf 88' lang='lat' dir='ltr'>nisi</span> <span class='ocrx_word' id='word_1_202' title='bbox 411 3675 502 3738; x_wconf 88' lang='lat' dir='ltr'>hoste</span> <span class='ocrx_word' id='word_1_203' title='bbox 532 3697 622 3740; x_wconf 87' lang='lat' dir='ltr'>caeso</span> <span class='ocrx_word' id='word_1_204' title='bbox 651 3698 767 3741; x_wconf 87' lang='lat' dir='ltr'>exuere</span> <span class='ocrx_word' id='word_1_205' title='bbox 795 3680 938 3743; x_wconf 85' lang='lat' dir='ltr'>votivum</span> <span class='ocrx_word' id='word_1_206' title='bbox 968 3680 1200 3760; x_wconf 85' lang='lat' dir='ltr'>obligatumque</span> <span class='ocrx_word' id='word_1_207' title='bbox 1232 3678 1340 3742; x_wconf 85' lang='lat' dir='ltr'>virtuti</span> 
     </span>
     <span class='ocr_line' id='line_1_30' title="bbox 252 3787 1339 3881; baseline 0.002 -32"><span class='ocrx_word' id='word_1_208' title='bbox 252 3806 276 3881; x_wconf 46' lang='lat' dir='ltr'>‘a</span> <span class='ocrx_word' id='word_1_209' title='bbox 323 3787 387 3849; x_wconf 89' lang='lat' dir='ltr'>oris</span> <span class='ocrx_word' id='word_1_210' title='bbox 408 3789 561 3852; x_wconf 90' lang='lat' dir='ltr'>habitum.</span> <span class='ocrx_word' id='word_1_211' title='bbox 604 3812 700 3872; x_wconf 87' lang='lat' dir='ltr'>super</span> <span class='ocrx_word' id='word_1_212' title='bbox 718 3790 902 3870; x_wconf 85' lang='lat' dir='ltr'>sanguinem</span> <span class='ocrx_word' id='word_1_213' title='bbox 923 3805 953 3854; x_wconf 85' lang='lat' dir='ltr'>at</span> <span class='ocrx_word' id='word_1_214' title='bbox 972 3793 1073 3874; x_wconf 89' lang='lat' dir='ltr'>spolia</span> <span class='ocrx_word' id='word_1_215' title='bbox 1091 3792 1233 3856; x_wconf 85' lang='lat' dir='ltr'>revelant</span> <span class='ocrx_word' id='word_1_216' title='bbox 1253 3792 1339 3854; x_wconf 87' lang='lat' dir='ltr'>fron·</span> 
     </span>
     <span class='ocr_line' id='line_1_31' title="bbox 260 3902 1341 3989; baseline 0 -25"><span class='ocrx_word' id='word_1_217' title='bbox 260 3902 263 3915; x_wconf 86' lang='grc'>’</span> <span class='ocrx_word' id='word_1_218' title='bbox 322 3916 386 3964; x_wconf 86' lang='lat' dir='ltr'>tem</span> <span class='ocrx_word' id='word_1_219' title='bbox 407 3922 503 3986; x_wconf 84' lang='lat' dir='ltr'>sequa</span> <span class='ocrx_word' id='word_1_220' title='bbox 523 3915 591 3966; x_wconf 89' lang='lat' dir='ltr'>tum</span> <span class='ocrx_word' id='word_1_221' title='bbox 606 3902 732 3968; x_wconf 85' lang='lat' dir='ltr'>demum</span> <span class='ocrx_word' id='word_1_222' title='bbox 752 3909 854 3989; x_wconf 89' lang='lat' dir='ltr'>pretia</span> <span class='ocrx_word' id='word_1_223' title='bbox 874 3906 1022 3970; x_wconf 87' lang='lat' dir='ltr'>nascendi</span> <span class='ocrx_word' id='word_1_224' title='bbox 1039 3907 1193 3968; x_wconf 83' lang='lat' dir='ltr'>rettulisse</span> <span class='ocrx_word' id='word_1_225' title='bbox 1215 3903 1341 3983; x_wconf 86' lang='lat' dir='ltr'>dignos-</span> 
     </span>
     <span class='ocr_line' id='line_1_32' title="bbox 324 4019 1341 4102; baseline 0 -22"><span class='ocrx_word' id='word_1_226' title='bbox 324 4040 386 4102; x_wconf 91' lang='lat' dir='ltr'>que</span> <span class='ocrx_word' id='word_1_227' title='bbox 412 4019 514 4101; x_wconf 86' lang='lat' dir='ltr'>patria</span> <span class='ocrx_word' id='word_1_228' title='bbox 535 4041 571 4081; x_wconf 90' lang='lat' dir='ltr'>ac</span> <span class='ocrx_word' id='word_1_229' title='bbox 599 4023 784 4102; x_wconf 85' lang='lat' dir='ltr'>parentibus</span> <span class='ocrx_word' id='word_1_230' title='bbox 811 4023 927 4084; x_wconf 86' lang='lat' dir='ltr'>ferunt.</span> <span class='ocrx_word' id='word_1_231' title='bbox 969 4022 1088 4101; x_wconf 82' lang='lat' dir='ltr'>ignavis</span> <span class='ocrx_word' id='word_1_232' title='bbox 1110 4034 1142 4082; x_wconf 90' lang='lat' dir='ltr'>et</span> <span class='ocrx_word' id='word_1_233' title='bbox 1162 4021 1341 4082; x_wconf 87' lang='lat' dir='ltr'>imbellibus</span> 
     </span>
     <span class='ocr_line' id='line_1_33' title="bbox 324 4133 1342 4221; baseline -0.005 -22"><span class='ocrx_word' id='word_1_234' title='bbox 324 4147 429 4199; x_wconf 85' lang='lat' dir='ltr'>manet</span> <span class='ocrx_word' id='word_1_235' title='bbox 459 4138 598 4218; x_wconf 89' lang='lat' dir='ltr'>squalor.</span> <span class='ocrx_word' id='word_1_236' title='bbox 645 4138 849 4203; x_wconf 86' lang='lat' dir='ltr'>Fortissimus</span> <span class='ocrx_word' id='word_1_237' title='bbox 879 4139 1011 4221; x_wconf 89' lang='lat' dir='ltr'>quisque</span> <span class='ocrx_word' id='word_1_238' title='bbox 1043 4138 1181 4199; x_wconf 86' lang='lat' dir='ltr'>ferreum</span> <span class='ocrx_word' id='word_1_239' title='bbox 1209 4133 1342 4215; x_wconf 89' lang='lat' dir='ltr'>insuper</span> 
     </span>
    </p>
   </div>
   <div class='ocr_carea' id='block_1_5' title="bbox 0 0 1486 4775">
    <p class='ocr_par' dir='ltr' id='par_1_5' title="bbox 0 0 1486 4775">
     <span class='ocr_line' id='line_1_34' title="bbox 0 0 1486 4775; baseline 0 0"><span class='ocrx_word' id='word_1_240' title='bbox 0 0 1486 4775; x_wconf 95' lang='lat' dir='ltr'> </span> 
     </span>
    </p>
   </div>
  </div>
 </body>
</html>
