2950 4775
321 361 382 427 llll
667 357 732 427 EX
753 353 988 430 emollite

236 542 302 606 got
402 531 527 595 Interea
556 529 659 597 tata·
691 528 829 597 Sabiona
862 528 1009 613 projectio
1044 528 1182 597 toedet-ic
1215 531 1349 597 romani

320 644 522 713 monimentis
549 664 706 715 emaum
733 668 768 713 aa
797 646 925 715 mutari
954 649 1043 725 iubet
1071 667 1278 732 magnamque
1310 657 1348 711 et

321 758 513 825 inconditam
532 762 735 845 popuarian
754 766 881 831 maban
902 763 938 829 in
958 760 1122 848 Sequanae
1142 762 1241 846 rapit,
1265 784 1348 828 con·

282 895 287 905 ·
322 873 488 939 terminarn
515 876 671 943 civitatem
702 890 735 941 et
764 876 857 941 nobie
888 868 993 942 fidam.
1033 898 1092 942 nec
1117 874 1258 961 Sequani
1284 874 1348 939 de·

323 1001 494 1056 trectarere
528 1006 695 1061 certamen.
752 994 882 1061 fortuna
913 993 1098 1059 melioribus
1132 993 1242 1058 affuit:
1277 994 1348 1059 fuci

323 1103 493 1186 Lingones.
541 1105 679 1171 Sabinus
706 1105 886 1173 berintum
906 1120 1021 1173 temere
1043 1108 1254 1191 bellumpari
1274 1107 1347 1171 ior·

324 1217 442 1282 midine
464 1219 610 1289 deseruit.
651 1232 751 1306 utque
768 1220 887 1289 famam
907 1221 994 1287 exitii
1013 1219 1063 1285 aui
1080 1221 1213 1301 laceret,
1234 1219 1348 1285 uillam
1463 1244 1464 1269 t

325 1336 359 1397 in
381 1355 477 1419 quam
497 1337 677 1420 perfugerat
698 1337 865 1414 cremarit,
890 1337 954 1401 illic
974 1334 1151 1401 uoluntaria
1170 1346 1272 1401 morte
1291 1334 1346 1397 in·

325 1446 433 1512 teriaee
462 1447 609 1514 credituro.
646 1448 713 1516 sed
740 1452 856 1535 quibua
884 1452 1003 1517 artibus
1030 1451 1222 1534 latebrisque
1244 1449 1345 1513 vitam

325 1581 518 1642 pernoram
537 1582 613 1628 mox
635 1584 736 1629 anaor
754 1561 946 1643 traduxerit,
967 1564 1061 1629 eimul
1078 1563 1252 1629 amicorum
1274 1566 1346 1641 eiua
1463 1560 1464 1569 ’

325 1656 529 1741 constantiam
550 1691 581 1741 et
599 1677 721 1762 incipe
739 1679 926 1763 Epponinae
946 1682 1068 1750 uxoria·
1082 1681 1262 1761 exemplum
1281 1698 1345 1742 auo

325 1791 395 1854 loco
417 1788 596 1857 reddemur.
608 1789 642 1878 *)
683 1792 906 1880 lSequanorum
926 1817 1079 1880 proapera
1102 1794 1169 1859 acie
1189 1792 1265 1858 belli
1281 1794 1346 1857 im·

325 1913 416 1985 petua
446 1904 541 1968 stetit.
600 1905 782 1991 reeipiacere
812 1910 965 1992 pedatim
994 1910 1133 1977 civitatee
1165 1910 1276 1993 ianque
1312 1918 1347 1971 et

325 2013 455 2080 loedera
479 2017 650 2102 respicere,
681 2022 878 2106 principibua
904 2023 1030 2104 Remia,
1059 2027 1116 2111 qui
1142 2045 1202 2108 per
1227 2021 1347 2088 Galliae

326 2128 452 2196 edixere
478 2142 516 2198 ut
536 2133 639 2199 miecio
662 2134 771 2217 legatio
795 2135 830 2202 in
855 2159 1020 2205 commune
1048 2139 1278 2217 consultarent,
1303 2136 1348 2199 li·

326 2251 429 2313 bertae
449 2271 491 2313 an
510 2271 576 2334 pax
594 2251 743 2336 [Μαι

241 2421 309 2482 4,oe
412 2426 456 2487 At
488 2423 608 2490 Romae
645 2439 756 2491 cuncta
785 2427 821 2490 in
857 2424 993 2491 deterius
1022 2425 1130 2495 audita
1159 2423 1349 2489 Mucianum

325 2540 496 2617 angebant,
523 2561 564 2602 ne
593 2560 775 2626 quanquam
804 2542 917 2625 egregii
945 2542 1040 2606 duces
1068 2537 1144 2629 (jam
1164 2543 1247 2605 anim
1268 2540 1349 2603 Gal·

323 2652 391 2712 lum
421 2652 560 2716 Annium
590 2666 621 2718 et
647 2656 795 2720 Petilium
823 2657 984 2723 Cerealem
1014 2652 1160 2739 elegerat)
1189 2677 1347 2721 summam

324 2764 400 2827 belli
429 2785 542 2848 parum
572 2768 743 2832 tolerarent
743 2813 972 2836 .......
1020 2770 1175 2854 Legiones
1202 2771 1347 2836 victrices

324 2892 412 2943 sexta
440 2892 471 2943 et
494 2892 622 2961 octava,
652 2882 883 2950 vitellianarum
904 2886 1162 2968 unaetviceaima,
1194 2912 1211 2952 e
1233 2905 1347 2950 recena

325 2997 508 3080 conscriptio
535 2995 672 3062 aecunda
697 3001 847 3082 penninis
874 3004 1079 3089 cottianiaque
1102 3005 1242 3087 alpibus,
1270 3023 1345 3087 pare
1464 3023 1465 3076 i

324 3123 432 3175 monte
458 3114 545 3192 graio
573 3108 801 3181 traducuntur:
831 3129 944 3202 quarta
969 3116 1100 3181 decuma
1120 3118 1202 3200 legio
1229 3139 1247 3181 e
1271 3117 1346 3180 Bri·
1464 3159 1465 3166 κ

324 3223 450 3305 tannia,
480 3236 567 3287 aexta
600 3246 636 3288 ac
666 3224 798 3291 decuma
828 3251 869 3295 ex
897 3230 1051 3315 Hispania
1079 3233 1204 3297 accitae.
1244 3232 1347 3313 Igitur
1464 3243 1465 3326 ζ

325 3340 479 3404 venientia
508 3342 663 3404 exercitur
691 3338 776 3406 lama
803 3357 834 3407 et
864 3357 975 3428 suopte
1001 3346 1129 3433 ingenio
1158 3346 1197 3410 ad
1219 3348 1348 3411 mitiora
1464 3335 1465 3360 ³

323 3452 510 3519 inclinantes
547 3453 720 3518 Galliarum
756 3456 894 3522 civitatee
930 3458 965 3521 in
1000 3460 1117 3524 Remos
1158 3482 1347 3525 convenere.
1464 3445 1465 3466 Χ

324 3571 537 3635 Treverorum
565 3570 677 3652 legatio
710 3569 774 3635 illic
806 3573 1031 3657 opperiebatur
1050 3575 1201 3639 acerrimo
1231 3576 1347 3638 instin-

325 3697 410 3747 ctore
427 3687 504 3749 belli
518 3686 626 3751 Tullio
643 3686 826 3753 Valentino.
868 3689 1216 3756 inmeditata'oratione
1233 3705 1348 3755 cuncta
1464 3681 1465 3694 ¹

325 3801 442 3881 magnis
462 3800 602 3883 imperiia
631 3804 780 3880 objectari
800 3805 891 3871 aolita
914 3807 1179 3892 contumeliaeque
1210 3817 1243 3870 et
1261 3803 1348 3872 invi·

379 4101 404 4169 ⁸)
421 4103 444 4156 ic
463 4103 537 4157 iocur
555 4103 640 4173 periit,
658 4104 700 4159 adi
718 4112 804 4160 mnan
821 4103 988 4161 Plutarchum
1006 4108 1031 4160 in
1050 4108 1149 4162 erotica
1167 4111 1211 4163 ab.
