2950 4775
481 389 544 460 llll
566 385 821 460 annotinos
1116 395 1161 462 45

136 577 227 684 poris
247 589 279 640 et
296 574 415 684 impetu
437 572 511 657 equi
529 573 675 655 pervasit,
697 573 813 636 oblitus
836 570 948 634 faciem
968 591 1026 635 suc
1049 591 1161 634 cruore

138 716 180 757 ne
202 704 393 758 nosceretur.
437 685 564 771 quidam
586 687 725 767 agnitum
746 709 765 749 a
790 684 954 754 Cauchis
943 699 1026 749 mter
1045 671 1163 749 auxilie

138 828 272 873 romana
302 803 463 884 agentibus
493 801 701 882 emissumque
727 797 935 861 madiderunt.
980 800 1078 864 virtus
1106 822 1164 864 seu

139 922 229 985 draus
256 917 366 981 eadem
395 917 609 997 Inguiomero*
624 914 775 996 effugium
799 912 901 977 dedit:
932 917 1028 977 ceteri
1047 918 1165 996 passim

139 1025 297 1101 trucidati.
340 1047 372 1096 et
401 1035 570 1115 plerosque
598 1044 725 1095 tranare
752 1032 913 1111 Visurgim
937 1042 1086 1092 conantes
1114 1030 1165 1091 in·

139 1155 221 1229 jecta
238 1151 301 1212 tela
321 1161 375 1210 aut
394 1147 443 1210 vis
466 1145 623 1223 fluminis,
649 1158 809 1226 postremo
831 1147 930 1207 moles
954 1144 1113 1206 ruentium
1135 1157 1165 1207 et

138 1261 313 1326 incidentes
331 1261 421 1343 ripae
443 1279 608 1342 operuere.
651 1256 780 1340 quidem
797 1259 882 1341 turpi
896 1259 969 1338 fuga
990 1260 1025 1320 in
1045 1279 1166 1322 summa

134 1365 294 1440 arborum
319 1367 381 1438 nisi
399 1365 558 1459 ramisque
579 1396 613 1438 ss
633 1377 823 1439 occultantes
845 1373 979 1438 admotis
1002 1374 1165 1456 sagittariis

141 1482 212 1574 per'
232 1480 404 1554 ludibrium
431 1489 627 1571 figebanturt
665 1477 743 1551 ulida
774 1503 925 1572 prorutae
958 1494 1088 1554 arbores
1119 1491 1167 1553 af·

139 1605 263 1670 flixere«
303 1607 420 1686 Magna
434 1617 478 1668 fea
500 1608 632 1670 victoria
652 1626 757 1690 neque
780 1619 908 1669 eruenta
929 1607 1022 1668 nobis
1043 1605 1113 1668 fuit.

229 1719 348 1798 Quinta
369 1723 409 1784 ab
425 1723 512 1783 bora
533 1717 597 1781 diei
624 1717 665 1781 ad
684 1734 810 1784 noctem
830 1719 913 1782 caesi
933 1720 1038 1782 hostes
1060 1717 1253 1794 decemzts

142 1823 241 1899 millia
261 1818 411 1918 passuum
432 1823 637 1898 cadaveribus
659 1848 754 1919 atque
780 1836 873 1897 armis
898 1835 1084 1916 opplevere,
1116 1853 1168 1894 re·

143 1955 242 2036 pertis
262 1954 346 2016 inter
366 1953 466 2035 spolia
486 1973 598 2016 eorum
624 1952 756 2030 catenis,
787 1972 866 2035 quas
891 1953 924 2013 in
950 1935 1111 2013 Romanos
1132 1962 1168 2012 ut

146 2089 213 2131 non
242 2067 339 2131 dubio
369 2082 482 2131 eventu
509 2081 723 2150 portaverant.
769 2067 863 2129 Miles
890 2066 923 2127 in
952 2069 1024 2128 loeo
1054 2062 1169 2145 proelii

145 2183 310 2246 Tiberium
331 2181 553 2262 imperatorem
583 2182 729 2245 salutavit
752 2179 929 2263 struxitque
952 2197 1110 2258 aggerem)
1137 2187 1170 2238 at

35 2361 41 2381 x
144 2297 178 2359 in
208 2295 336 2359 modum
363 2308 568 2378 tropaeorum
597 2318 684 2359 arma
708 2294 897 2379 'subscriptis
923 2293 1075 2360 victamm
1089 2279 1170 2373 'gen-

143 2411 223 2474 tium
243 2411 456 2474 nonrinibus
446 2413 606 2494 imposuit.

231 2522 325 2589 Haud
355 2523 488 2607 perinde
518 2526 695 2591 Germanos
720 2528 889 2635 milneru,
902 2526 1019 2601 luctus,
1050 2518 1255 2607 excidiaats

147 2628 243 2724 quam
266 2661 303 2705 ea
323 2641 442 2722 species
464 2641 573 2704 dolore
596 2656 627 2705 et
646 2643 694 2704 ira
715 2645 829 2706 effecit.
877 2627 933 2727 qui
958 2639 1053 2704 modo
1083 2640 1170 2702 abire

136 2754 291 2834 sedibus,
314 2767 401 2817 nens
423 2756 529 2819 Albim
556 2740 727 2821 concedere
757 2760 927 2841 parabant,
954 2775 1092 2837 pugnam
1113 2774 1171 2817 ro·

144 2871 232 2949 lunt,
261 2891 347 2932 arms
366 2871 512 2952 rapiunts
543 2858 669 2953 plebes,
696 2858 869 2954 primores,
889 2878 1052 2952 juventus,
1079 2888 1172 2932 senes

145 3008 256 3067 agmen
280 2974 446 3049 romanum
467 3003 598 3069 repente
621 2990 798 3066 incursant,
830 2991 969 3053 turbant.
1011 2972 1171 3069 postremo

146 3101 287 3183 deligunt
315 3103 422 3165 locum
452 3101 582 3165 flumine
613 3085 648 3169 ¹et
681 3104 768 3168 silvis
798 3104 955 3181 clausum,
983 3110 1059 3163 arte
1087 3098 1172 3160 intus

136 3216 277 3300 'planitie
297 3228 329 3279 et
347 3214 494 3278 humida:
525 3217 624 3280 siluas
650 3236 780 3301 quoque
809 3202 983 3298 profunda
995 3214 1086 3296 palus
1106 3231 1173 3273 am·

146 3334 251 3411 bibat,
282 3331 344 3394 nisi
366 3316 453 3439 quod
471 3314 552 3396 latus
573 3350 674 3395 unum
694 3315 876 3415 Angrivarii
900 3336 964 3397 tato
986 3340 1096 3412 aggere
1116 3348 1173 3390 ex·

138 3451 300 3525 tulerant,
324 3468 430 3531 quoa
454 3447 620 3513 Cheruscis
644 3434 890 3514 dirimerentur.
924 3450 976 3513 hic
998 3444 1095 3530 pedes
1117 3442 1173 3506 ad·

138 3559 243 3626 otim·
278 3561 415 3645 equitem
435 3561 626 3645 propinquis
646 3563 725 3626 lucis
744 3576 870 3644 texere,
898 3576 935 3627 ut
952 3560 1099 3643 ingressis
1117 3558 1173 3621 sil·

144 3696 221 3742 vam
240 3678 417 3759 legionibus
438 3700 457 3740 a
475 3692 564 3760 tergo
584 3680 679 3744 loret.

234 3795 324 3858 Nihil
354 3816 395 3858 ex
424 3796 476 3858 bis
504 3795 622 3858 caesari
647 3793 863 3875 incognitum:
897 3793 1045 3871 consilia,
1076 3795 1173 3871 locos,
1186 3817 1259 3882 ψ

147 3912 316 3991 prompta‚’
349 3912 469 3973 occulta
492 3923 641 3990 noverat,
676 3924 823 3995 astusque
847 3911 985 3975 hostium
1006 3912 1039 3973 in
1067 3908 1175 3993 perni-

149 4023 226 4087 ciem
249 4024 327 4107 ipsis
350 4027 502 4089 vertebat.
551 4023 624 4106 Selo
646 4027 811 4090 Tuberoni
833 4026 935 4107 legato
962 4023 1057 4089 tradit
1085 4021 1176 4107 equi-

147 4147 212 4198 tem
237 4142 462 4222 campumque,
493 4139 635 4221 peditum
664 4141 762 4206 aciem
781 4142 826 4205 ite
851 4122 1017 4218 instruxit,
1045 4152 1081 4202 ut
1101 4160 1175 4219 pars
