2950 4775
466 368 529 439 EX
551 367 805 439 ANNALIBUS
1103 367 1146 434 53

117 553 229 637 p'ulsus
250 548 337 615 haud
356 549 456 614 multo
470 562 550 632 ,post
570 549 868 615 Hermundurorum
891 546 1005 632 opibus
1035 558 1065 609 et
1084 543 1143 608 Vi·

119 666 198 730 bilio
221 663 311 745 duce,
332 675 541 749 receptusque
560 666 679 730 Forum
702 665 814 745 julium
835 661 1041 727 narbonensis
1067 660 1142 722 Gal·

118 780 180 843 liae
202 780 356 845 coloniam
377 776 519 842 mittitur.
563 775 697 841 Barbari
723 791 892 861 utrumque
920 771 1072 853 comitati,
1100 794 1141 834 ne

119 891 241 976 quietas
271 891 450 975 provincias
475 890 608 956 immixti
636 894 820 972 turbarent,
848 889 1032 952 Danubium
1058 890 1140 951 ultra

117 1007 203 1070 inter
233 987 364 1070 dumina
393 1007 521 1069 Marum
553 1020 585 1070 et
617 1006 736 1073 Cusum
767 1009 912 1072 locantur
919 1049 928 1082 ,
963 1001 1035 1067 dato
1067 1021 1140 1080 rege

117 1124 248 1188 Vannio
267 1125 365 1205 gentis
384 1105 579 1199 Quadorum.

205 1234 326 1323 (a.'19)
356 1237 493 1321 Reperio
522 1236 608 1321 apud
638 1238 806 1320 scriptores
833 1249 1056 1320 senatoresque
1086 1252 1139 1295 eo·
1153 1237 1225 1303 ¹2⁸⁸

116 1349 253 1416 rundem
291 1364 469 1436 temporum
507 1352 725 1435 Adgandestrii
764 1352 914 1437 principis
954 1351 1139 1414 Chattorum

119 1466 214 1529 lectas
239 1468 276 1530 iu
305 1480 415 1530 senatu
449 1468 571 1546 literas,
604 1469 719 1553 quibus
746 1479 879 1531 mortem
901 1464 1037 1529 Arminii
1064 1484 1139 1547 pro·

116 1577 266 1658 mittebat,
290 1578 317 1640 si
336 1577 509 1662 patrandae
531 1581 601 1643 neci
621 1600 780 1644 venenum
797 1581 987 1661 mitteretur;
1008 1600 1138 1661 respon·

117 1711 250 1776 sumque
274 1714 359 1774 esse,
389 1715 456 1759 non
477 1692 589 1758 fraude
610 1717 715 1780 neque
737 1695 881 1772 occultis,
909 1694 963 1759 sed
983 1696 1088 1777 palam
1109 1706 1140 1757 et

120 1818 277 1869 armatum
303 1808 460 1890 populum
487 1827 656 1871 romanum
681 1812 789 1873 hostes
817 1828 892 1872 suos
919 1807 1035 1870 ulcisci.
1076 1829 1139 1889 qua

116 1923 218 2003 gloria
246 1927 400 2008 aequabat
426 1945 459 1988 se
480 1923 628 1988 Tiberius
654 1924 766 2008 priscis
792 1923 1052 2007 imperatoribus,
1082 1920 1138 2004 qui

115 2055 276 2099 venenum
294 2038 330 2097 in
356 2037 514 2121 Pyrrhum
537 2057 641 2120 regem
672 2048 835 2102 vetuerant
861 2033 1138 2119 prodiderantque.

117 2146 266 2212 Ceterum
286 2149 446 2214 Arminius
468 2147 709 2214 abscedentibus
730 2149 882 2214 Romanis
905 2162 936 2212 et
954 2149 1046 2232 pulso
1067 2147 1138 2209 Ma-

114 2259 264 2326 roboduo
283 2283 416 2345 regnum
437 2253 586 2328 attestans
607 2263 782 2326 libertatem
802 2260 1005 2346 popularium
1026 2257 1136 2323 adver·

115 2395 182 2440 sum
201 2376 329 2457 habuit,
354 2379 532 2462 petitusque
555 2378 667 2457 armis,
689 2400 789 2463 quum
810 2361 900 2443 varia
920 2378 1049 2442 fortuna
1070 2353 1136 2437 cer·

114 2499 211 2568 taret,
235 2487 310 2556 dolo
329 2492 586 2577 propinquorum
611 2493 738 2557 cecidit:
764 2493 917 2557 liberator
935 2490 1022 2555 haud
1043 2488 1137 2553 dubie

115 2604 303 2670 Germaniae
330 2622 361 2671 et
391 2610 447 2693 qui
472 2629 538 2672 non
559 2607 735 2691 primordia
755 2608 867 2691 populi
888 2590 1030 2683 romani,
1059 2606 1138 2667 sicut
1161 2646 1164 2652 -

114 2717 170 2780 aIii
190 2740 277 2800 reges
298 2718 474 2807 ducesque,
499 2722 554 2787 sed
575 2723 831 2788 florentissimum
851 2722 1020 2806 imperium
1039 2720 1137 2783 laces·

113 2832 219 2914 sierit,
250 2837 380 2919 proeliis
405 2840 589 2921 ambiguus,
620 2841 705 2904 bello
724 2860 791 2902 non
812 2839 922 2903 victus.
965 2818 1085 2918 septem
1107 2846 1138 2897 et

112 2947 241 3028 triginta
260 2970 362 3014 annos
384 2951 483 3031 vitae,
505 2951 671 3016 duodecim
697 2936 856 3036 potentiae
876 2951 1030 3034 explevit,
1053 2949 1137 3012 cani·

111 3074 228 3147 turque
249 3060 351 3128 adhuc
370 3068 523 3131 barbaras
544 3067 628 3151 apud
649 3069 779 3150 gentes,'
799 3051 995 3131 Graecorum
1017 3064 1137 3129 annali·

111 3178 173 3240 bus
193 3180 335 3261 ignotus,
364 3182 420 3266 qui
449 3203 505 3245 sua
532 3197 654 3247 tantum
674 3185 848 3248 mirantur:
879 3181 1029 3245 Romanis
1050 3177 1136 3241 haud

108 3289 243 3371 perinde
266 3295 412 3372 celebris,
438 3292 515 3358 dum
533 3308 640 3361 vetera
668 3297 866 3377 extollimus,
892 3295 1066 3359 recentium
1086 3294 1136 3354 in·

109 3407 237 3471 curiosi.

196 3518 239 3604 (a.
252 3519 310 3607 20)
332 3523 439 3608 Atque
450 3508 715 3589 interim'Drusus
731 3522 857 3587 rediens
874 3520 1012 3606 Illyrico,
1035 3538 1136 3604 quan·
1148 3536 1215 3602 s‚11

108 3655 206 3718 quam
233 3650 341 3718 patres
366 3640 560 3705 censuissent
577 3642 626 3707 ¹ob
655 3654 816 3724 receptum
842 3632 1078 3702 Maroboduum
1104 3643 1136 3695 et

106 3769 160 3814 res
180 3750 289 3834 prlore
320 3765 436 3819 aestate
464 3768 564 3837 gestas
588 3770 625 3821 ut
654 3777 754 3824 ovans
781 3756 893 3835 iniret,
923 3754 1048 3835 prolato
1075 3751 1134 3812 ho·

107 3882 190 3925 nore
212 3858 327 3928 urbem
349 3867 489 3933 intrauit.
799 3872 804 3879 '

194 3977 237 4061 (a.
261 3976 317 4062 21)
343 3983 384 4044 At
408 3982 528 4046 Romae
557 4004 623 4046 non
649 3984 806 4046 Treveros
830 3978 925 4044 modo
954 3991 986 4042 et
1007 3975 1134 4040 Aeduos
1146 3986 1173 4049 3,
1182 3985 1216 4035 44

105 4088 163 4154 sed
186 4103 338 4176 quattuor
356 4108 387 4158 et
413 4097 572 4179 sexaginta
594 4097 770 4161 Galliarum
798 4095 936 4162 civitates
961 4091 1134 4168 descivisse,
