2950 4775
475 378 538 447 ax
561 378 796 452 ntsroaus
894 402 898 409 ³
1097 391 1155 457 75,

69 548 76 558 ”
123 566 191 617 tum
215 552 328 617 virium
349 575 368 615 a
387 566 484 634 tergo,
511 555 660 637 quoniam
681 555 801 621 Galliae
824 570 974 636 tumeant,
999 550 1143 622 deserere

123 671 230 733 Rheni
249 672 351 753 ripam
372 665 541 753 irrupturis
562 685 626 736 tam
646 672 768 737 infestis
785 674 965 738 nationibus
984 666 1050 739 non
1069 693 1144 738 eon·

124 782 230 847 ducat.
438 780 440 789 ’
513 780 516 785 ’

210 898 279 959 Jam
307 895 497 976 Germanos,
530 896 617 982 quod
641 918 740 979 genus
764 896 898 961 militum
927 895 1013 979 apud
1040 899 1146 963 hostes

129 1012 354 1075 atrocissimum
376 1011 425 1087 sit,
446 1023 547 1076 tracto
566 1011 601 1074 in
624 1008 772 1091 aestatem
792 1008 898 1093 bello,
918 1011 1013 1076 fluxis
1034 1032 1146 1095 eorpo-

127 1130 235 1205 ribue,
256 1132 460 1190 mutationem
484 1129 543 1191 soli
563 1130 703 1213 coehque
726 1128 813 1192 haud
834 1126 1051 1192 tolerattmos.'

215 1243 257 1325 (a.
278 1236 334 1324 69)
361 1243 478 1305 remitti
498 1240 595 1328 eos*)
623 1245 659 1307 in
688 1238 903 1324 Britanniam,
934 1243 1020 1305 unde
1042 1264 1060 1305 a
1081 1242 1147 1306 Ne·
1160 1258 1188 1320 2,
1196 1257 1232 1307 66

130 1376 210 1419 rone
237 1356 329 1418 exciti
349 1369 455 1434 erant,
483 1357 601 1437 placuit
621 1369 715 1441 atque
734 1356 862 1421 interim
881 1358 1074 1420 Batavorum
1095 1378 1149 1421 co-

132 1472 238 1534 hortes
258 1493 323 1533 una
343 1469 481 1548 tendere,
500 1471 543 1532 ob
563 1481 701 1535 ueterem
721 1468 872 1535 adversus
892 1468 1150 1555 quartadecuma-

134 1605 193 1647 noe
221 1583 418 1648 discordiam.
470 1583 538 1647 Nec
570 1583 623 1647 diu
656 1585 690 1648 in
721 1586 816 1648 tantis
848 1598 1040 1648 armatorum
1071 1584 1151 1647 odiis

134 1698 223 1780 quies
248 1695 320 1761 tuit.
368 1700 526 1780 Augustae
549 1694 774 1764 Taurinorum
791 1698 865 1762 dum
888 1700 1031 1781 opificem
1051 1719 1153 1782 quen·

133 1810 207 1874 dam
226 1812 362 1876 Batavus
389 1825 426 1875 ut
449 1810 664 1877 fraudatorem
691 1815 877 1890 insectatur,
907 1812 1097 1893 legionarius
1117 1822 1154 1873 ut

134 1927 291 2009 hospitem
318 1940 440 2004 tuetur,
474 1928 523 1989 sui
552 1926 666 2012 cuique
696 1927 925 1991 commilitones
952 1924 1107 2004 aggregati
1135 1942 1154 1982 a

136 2038 285 2103 conviciis
307 2038 345 2102 ad
368 2036 492 2101 caedem
512 2040 676 2106 transiere.
718 2053 751 2103 et
770 2040 928 2122 proelium
948 2051 1040 2100 atrox
1061 2035 1156 2098 arsis·

137 2167 202 2233 set,
230 2156 265 2216 ni
286 2154 365 2217 duae
389 2156 566 2239 praetoriae
585 2153 731 2219 cohortes
753 2175 877 2220 caueam
898 2150 1157 2236 quartadecuma-

138 2289 255 2332 norum
276 2282 397 2335 secutae
423 2269 473 2331 his
493 2267 638 2331 fiduciam
663 2282 695 2331 et
715 2279 835 2330 metum
853 2260 983 2329 Batavis
1003 2263 1158 2327 fecissent.

222 2378 266 2460 (a.
288 2381 344 2459 69)
379 2383 523 2446 cohortes
551 2383 747 2446 Batavorum
775 2404 815 2444 ne
844 2378 921 2464 quid
950 2377 1156 2442 truculentius
1171 2390 1244 2454 269

139 2496 290 2560 auderent
320 2498 355 2559 in
387 2496 586 2561 Germaniam
617 2499 781 2576 remissae,
811 2496 1003 2578 principium
1032 2495 1157 2557 interno
1197 2531 1201 2544 ι

141 2611 234 2673 simul
257 2624 453 2693 externoque
475 2611 558 2673 bello
579 2609 764 2692 parantibus
786 2611 867 2671 tatis.
965 2631 967 2638 ⁴
1047 2611 1052 2617 '

226 2722 270 2807 (a.
290 2723 347 2804 69)
367 2735 400 2785 et
420 2722 577 2802 adjacente
598 2722 709 2785 Tiberi
729 2720 960 2784 Germanorum
980 2717 1159 2780 Gallorum·
1172 2720 1247 2786 ΜΒ

141 2857 204 2919 que
226 2837 366 2900 obnoxia
392 2838 512 2901 morbis
538 2857 673 2920 corpora
693 2836 831 2900 fluminis
853 2834 983 2900 aviditas
1004 2844 1036 2895 et
1056 2843 1160 2895 aestus

140 2951 334 3033 impatientia
356 2950 512 3015 labefecit.
599 2949 601 2952 ’

225 3067 354 3128 Auxilia
373 3080 477 3131 tamen
500 3087 518 3129 e
546 3065 713 3128 Germania
738 3062 966 3144 Britanniaque
994 3070 1025 3121 et
1039 3057 1161 3139 Rispa-
1175 3060 1249 3124 9,θῖ

142 3176 204 3243 niis
228 3182 343 3244 excivit
366 3183 501 3263 segniter
522 3196 552 3245 et
572 3181 786 3244 necessitatem
807 3175 1015 3242 dissimulans.
1025 3168 1073 3257 **)

229 3294 273 3373 (a.
296 3291 351 3379 69)
385 3299 461 3359 Plus
499 3295 661 3360 socordiae
701 3316 795 3379 quam
830 3290 962 3354 fiduciae
1001 3284 1163 3349 accessisse
1178 3290 1233 3354 Μ

144 3405 403 3490 victoribue.***)
446 3432 552 3494 neque
580 3412 662 3473 enim
684 3411 720 3472 in
743 3401 907 3491 procinctu
928 3415 959 3465 et
979 3401 1086 3463 castris
1107 3398 1165 3458 ha·

143 3520 246 3585 bitus:
277 3543 337 3603 per
357 3523 464 3585 omnia
484 3524 591 3586 ltaliae
613 3522 784 3603 municipia
807 3516 944 3593 desides,
963 3527 1086 3576 tantum
1106 3513 1167 3573 ho·

143 3637 278 3720 spitibus
306 3638 509 3716 metuendos,
545 3653 662 3722 quamn
695 3638 832 3700 ferocius
865 3644 937 3696 ante
971 3651 1004 3693 se
1039 3625 1168 3707 egerint,

144 3760 243 3813 tanto⁴
257 3749 401 3831 cupidius
420 3750 561 3814 insolitas
582 3751 757 3833 voluptates
778 3748 931 3810 hausisse.
981 3742 1065 3804 circo
1088 3758 1168 3821 quo·

146 3879 268 3944 queas
296 3866 425 3928 theatris
452 3878 483 3928 et
512 3863 697 3929 amoenitate
721 3864 810 3928 urbis
831 3859 986 3925 emollitos
1008 3866 1063 3920 aut
1082 3855 1169 3918 vale·

202 4100 228 4167 ⁸)
246 4102 501 4167 quarmdecumauos.
581 4100 620 4170 ⁴⁸)
641 4101 770 4175 vitetttup
849 4098 898 4165 ⁰⁸)
917 4092 1043 4151 militibus
1061 4089 1167 4146 Vitellii.
