<?xml version="1.0" encoding="UTF-8"?>
<!DOCTYPE html PUBLIC "-//W3C//DTD XHTML 1.0 Transitional//EN"
    "http://www.w3.org/TR/xhtml1/DTD/xhtml1-transitional.dtd">
<html xmlns="http://www.w3.org/1999/xhtml" xml:lang="en" lang="en">
 <head>
  <title>
</title>
<meta http-equiv="Content-Type" content="text/html;charset=utf-8" />
  <meta name='ocr-system' content='tesseract 3.04.00' />
  <meta name='ocr-capabilities' content='ocr_page ocr_carea ocr_par ocr_line ocrx_word'/>
</head>
<body>
  <div class='ocr_page' id='page_1' title='image "./tacitigermania01grimgoog_0013.png"; bbox 0 0 2950 4775; ppageno 0'>
   <div class='ocr_carea' id='block_1_1' title="bbox 575 381 1198 455">
    <p class='ocr_par' dir='ltr' id='par_1_1' title="bbox 575 381 1198 455">
     <span class='ocr_line' id='line_1_1' title="bbox 575 381 1198 455; baseline 0.01 -7"><span class='ocrx_word' id='word_1_1' title='bbox 575 381 810 455; x_wconf 72' lang='lat' dir='ltr'><strong>annulum</strong></span> <span class='ocrx_word' id='word_1_2' title='bbox 1177 391 1198 454; x_wconf 82' lang='lat'><strong>5</strong></span> 
     </span>
    </p>
   </div>
   <div class='ocr_carea' id='block_1_2' title="bbox 180 557 1199 646">
    <p class='ocr_par' dir='ltr' id='par_1_2' title="bbox 180 557 1199 646">
     <span class='ocr_line' id='line_1_2' title="bbox 180 557 1199 646; baseline 0.007 -26"><span class='ocrx_word' id='word_1_3' title='bbox 180 557 262 626; x_wconf 90' lang='lat' dir='ltr'><strong>dinis</strong></span> <span class='ocrx_word' id='word_1_4' title='bbox 283 560 517 622; x_wconf 73' lang='lat' dir='ltr'>incitamentum</span> <span class='ocrx_word' id='word_1_5' title='bbox 542 573 604 639; x_wconf 84' lang='lat' dir='ltr'><strong>est,</strong></span> <span class='ocrx_word' id='word_1_6' title='bbox 639 583 706 627; x_wconf 91' lang='lat' dir='ltr'><strong>non</strong></span> <span class='ocrx_word' id='word_1_7' title='bbox 728 585 817 628; x_wconf 87' lang='lat' dir='ltr'><strong>casus</strong></span> <span class='ocrx_word' id='word_1_8' title='bbox 839 587 896 628; x_wconf 89' lang='lat' dir='ltr'><strong>nec</strong></span> <span class='ocrx_word' id='word_1_9' title='bbox 919 566 1048 628; x_wconf 78' lang='lat' dir='ltr'><strong>fortuita</strong></span> <span class='ocrx_word' id='word_1_10' title='bbox 1061 563 1199 646; x_wconf 86' lang='lat' dir='ltr'><strong>¹conglo-</strong></span> 
     </span>
    </p>
   </div>
   <div class='ocr_carea' id='block_1_3' title="bbox 162 677 1233 4203">
    <p class='ocr_par' dir='ltr' id='par_1_3' title="bbox 173 677 1197 1337">
     <span class='ocr_line' id='line_1_3' title="bbox 177 677 1197 762; baseline 0.003 -25"><span class='ocrx_word' id='word_1_11' title='bbox 177 677 263 738; x_wconf 86' lang='lat' dir='ltr'><strong>batio</strong></span> <span class='ocrx_word' id='word_1_12' title='bbox 285 688 420 737; x_wconf 86' lang='lat' dir='ltr'><strong>turmam</strong></span> <span class='ocrx_word' id='word_1_13' title='bbox 443 690 497 738; x_wconf 90' lang='lat' dir='ltr'><strong>aut</strong></span> <span class='ocrx_word' id='word_1_14' title='bbox 518 699 651 741; x_wconf 88' lang='lat' dir='ltr'><strong>cuneum</strong></span> <span class='ocrx_word' id='word_1_15' title='bbox 673 680 756 757; x_wconf 87' lang='lat' dir='ltr'><strong>facit,</strong></span> <span class='ocrx_word' id='word_1_16' title='bbox 779 677 834 742; x_wconf 88' lang='lat' dir='ltr'><strong>sed</strong></span> <span class='ocrx_word' id='word_1_17' title='bbox 855 680 991 744; x_wconf 73' lang='lat' dir='ltr'><strong>santiliae</strong></span> <span class='ocrx_word' id='word_1_18' title='bbox 1014 694 1042 742; x_wconf 86' lang='lat' dir='ltr'><strong>et</strong></span> <span class='ocrx_word' id='word_1_19' title='bbox 1065 681 1197 762; x_wconf 89' lang='lat' dir='ltr'><strong>propin·</strong></span> 
     </span>
     <span class='ocr_line' id='line_1_4' title="bbox 178 792 1197 875; baseline 0.004 -23"><span class='ocrx_word' id='word_1_20' title='bbox 178 793 310 873; x_wconf 87' lang='lat' dir='ltr'><strong>quitates</strong></span> <span class='ocrx_word' id='word_1_21' title='bbox 334 803 364 852; x_wconf 92' lang='lat' dir='ltr'><strong>et</strong></span> <span class='ocrx_word' id='word_1_22' title='bbox 384 792 416 852; x_wconf 90' lang='lat' dir='ltr'><strong>in</strong></span> <span class='ocrx_word' id='word_1_23' title='bbox 439 792 596 872; x_wconf 56' lang='lat' dir='ltr'><strong>proximo,</strong></span> <span class='ocrx_word' id='word_1_24' title='bbox 608 792 758 875; x_wconf 86' lang='lat' dir='ltr'><strong>pignora,</strong></span> <span class='ocrx_word' id='word_1_25' title='bbox 780 793 865 857; x_wconf 89' lang='lat' dir='ltr'><strong>unde</strong></span> <span class='ocrx_word' id='word_1_26' title='bbox 887 795 1074 857; x_wconf 86' lang='lat' dir='ltr'><strong>feminarum</strong></span> <span class='ocrx_word' id='word_1_27' title='bbox 1095 797 1197 857; x_wconf 89' lang='lat' dir='ltr'><strong>ulula·</strong></span> 
     </span>
     <span class='ocr_line' id='line_1_5' title="bbox 176 888 1196 994; baseline 0.007 -28"><span class='ocrx_word' id='word_1_28' title='bbox 176 916 226 966; x_wconf 87' lang='lat' dir='ltr'><strong>tus</strong></span> <span class='ocrx_word' id='word_1_29' title='bbox 249 903 366 981; x_wconf 86' lang='lat' dir='ltr'><strong>audiri,</strong></span> <span class='ocrx_word' id='word_1_30' title='bbox 394 888 486 967; x_wconf 27' lang='lat' dir='ltr'><strong>unde*</strong></span> <span class='ocrx_word' id='word_1_31' title='bbox 502 910 622 988; x_wconf 88' lang='lat' dir='ltr'><strong>vagitus</strong></span> <span class='ocrx_word' id='word_1_32' title='bbox 646 908 825 971; x_wconf 84' lang='lat' dir='ltr'><strong>infantium.</strong></span> <span class='ocrx_word' id='word_1_33' title='bbox 877 910 911 973; x_wconf 88' lang='lat' dir='ltr'><strong>hi</strong></span> <span class='ocrx_word' id='word_1_34' title='bbox 934 911 1046 994; x_wconf 90' lang='lat' dir='ltr'><strong>cuique</strong></span> <span class='ocrx_word' id='word_1_35' title='bbox 1068 913 1196 973; x_wconf 86' lang='lat' dir='ltr'><strong>sanctis·</strong></span> 
     </span>
     <span class='ocr_line' id='line_1_6' title="bbox 176 1019 1196 1101; baseline 0.005 -22"><span class='ocrx_word' id='word_1_36' title='bbox 176 1019 246 1080; x_wconf 77' lang='lat' dir='ltr'><strong>siuti</strong></span> <span class='ocrx_word' id='word_1_37' title='bbox 266 1030 373 1096; x_wconf 88' lang='lat' dir='ltr'><strong>testes,</strong></span> <span class='ocrx_word' id='word_1_38' title='bbox 403 1020 438 1081; x_wconf 83' lang='lat' dir='ltr'><strong>ni</strong></span> <span class='ocrx_word' id='word_1_39' title='bbox 460 1022 588 1082; x_wconf 87' lang='lat' dir='ltr'><strong>maximi</strong></span> <span class='ocrx_word' id='word_1_40' title='bbox 607 1019 799 1085; x_wconf 80' lang='lat' dir='ltr'><strong>laudatores.</strong></span> <span class='ocrx_word' id='word_1_41' title='bbox 842 1020 882 1084; x_wconf 83' lang='lat' dir='ltr'><strong>ad</strong></span> <span class='ocrx_word' id='word_1_42' title='bbox 904 1036 1035 1101; x_wconf 79' lang='lat' dir='ltr'><strong>matres,</strong></span> <span class='ocrx_word' id='word_1_43' title='bbox 1059 1021 1098 1084; x_wconf 90' lang='lat' dir='ltr'><strong>ad</strong></span> <span class='ocrx_word' id='word_1_44' title='bbox 1120 1043 1196 1086; x_wconf 90' lang='lat' dir='ltr'><strong>cou-</strong></span> 
     </span>
     <span class='ocr_line' id='line_1_7' title="bbox 173 1136 1195 1220; baseline 0.009 -26"><span class='ocrx_word' id='word_1_45' title='bbox 173 1136 259 1220; x_wconf 83' lang='lat' dir='ltr'><strong>juges</strong></span> <span class='ocrx_word' id='word_1_46' title='bbox 289 1136 420 1196; x_wconf 84' lang='lat' dir='ltr'><strong>vulnera</strong></span> <span class='ocrx_word' id='word_1_47' title='bbox 449 1136 572 1215; x_wconf 83' lang='lat' dir='ltr'><strong>ferunt3</strong></span> <span class='ocrx_word' id='word_1_48' title='bbox 605 1158 662 1200; x_wconf 90' lang='lat' dir='ltr'><strong>nec</strong></span> <span class='ocrx_word' id='word_1_49' title='bbox 691 1137 763 1198; x_wconf 85' lang='lat' dir='ltr'><strong>illae</strong></span> <span class='ocrx_word' id='word_1_50' title='bbox 792 1159 959 1200; x_wconf 87' lang='lat' dir='ltr'><strong>numerare</strong></span> <span class='ocrx_word' id='word_1_51' title='bbox 987 1153 1041 1201; x_wconf 82' lang='lat' dir='ltr'><strong>aut</strong></span> <span class='ocrx_word' id='word_1_52' title='bbox 1071 1140 1195 1220; x_wconf 81' lang='lat' dir='ltr'>exigere</span> 
     </span>
     <span class='ocr_line' id='line_1_8' title="bbox 174 1252 1196 1337; baseline 0.007 -25"><span class='ocrx_word' id='word_1_53' title='bbox 174 1252 279 1333; x_wconf 80' lang='lat' dir='ltr'>plagas</span> <span class='ocrx_word' id='word_1_54' title='bbox 296 1265 420 1332; x_wconf 83' lang='lat' dir='ltr'><strong>pavent,</strong></span> <span class='ocrx_word' id='word_1_55' title='bbox 436 1252 584 1336; x_wconf 74' lang='lat' dir='ltr'><strong>cibosque</strong></span> <span class='ocrx_word' id='word_1_56' title='bbox 601 1265 632 1316; x_wconf 91' lang='lat' dir='ltr'><strong>et</strong></span> <span class='ocrx_word' id='word_1_57' title='bbox 646 1254 825 1316; x_wconf 81' lang='lat' dir='ltr'>hortamina</span> <span class='ocrx_word' id='word_1_58' title='bbox 839 1256 1053 1337; x_wconf 74' lang='lat' dir='ltr'><strong>pugnantibus</strong></span> <span class='ocrx_word' id='word_1_59' title='bbox 1067 1268 1196 1336; x_wconf 83' lang='lat' dir='ltr'><strong>gestant.</strong></span> 
     </span>
    </p>

    <p class='ocr_par' dir='ltr' id='par_1_4' title="bbox 162 1360 1227 2714">
     <span class='ocr_line' id='line_1_9' title="bbox 257 1360 1227 1452; baseline 0.004 -24"><span class='ocrx_word' id='word_1_60' title='bbox 257 1360 619 1449; x_wconf 53' lang='lat' dir='ltr'><strong>Memoriae&#39;proditur,</strong></span> <span class='ocrx_word' id='word_1_61' title='bbox 653 1369 807 1452; x_wconf 87' lang='lat' dir='ltr'><strong>quasdam</strong></span> <span class='ocrx_word' id='word_1_62' title='bbox 835 1370 916 1435; x_wconf 88' lang='lat' dir='ltr'><strong>acies</strong></span> <span class='ocrx_word' id='word_1_63' title='bbox 944 1372 1106 1436; x_wconf 79' lang='lat' dir='ltr'><strong>inclinatas</strong></span> <span class='ocrx_word' id='word_1_64' title='bbox 1131 1373 1227 1451; x_wconf 77' lang='lat' dir='ltr'><strong>jame</strong></span> 
     </span>
     <span class='ocr_line' id='line_1_10' title="bbox 175 1483 1195 1569; baseline 0.005 -25"><span class='ocrx_word' id='word_1_65' title='bbox 175 1493 205 1545; x_wconf 88' lang='lat' dir='ltr'><strong>et</strong></span> <span class='ocrx_word' id='word_1_66' title='bbox 234 1483 375 1545; x_wconf 82' lang='lat' dir='ltr'><strong>labantes</strong></span> <span class='ocrx_word' id='word_1_67' title='bbox 405 1506 423 1545; x_wconf 90' lang='lat' dir='ltr'><strong>a</strong></span> <span class='ocrx_word' id='word_1_68' title='bbox 454 1484 577 1547; x_wconf 87' lang='lat' dir='ltr'><strong>feminis</strong></span> <span class='ocrx_word' id='word_1_69' title='bbox 612 1486 772 1549; x_wconf 87' lang='lat' dir='ltr'><strong>restitutas</strong></span> <span class='ocrx_word' id='word_1_70' title='bbox 806 1487 979 1550; x_wconf 83' lang='lat' dir='ltr'><strong>constantia</strong></span> <span class='ocrx_word' id='word_1_71' title='bbox 1007 1509 1136 1569; x_wconf 84' lang='lat' dir='ltr'><strong>precum</strong></span> <span class='ocrx_word' id='word_1_72' title='bbox 1165 1498 1195 1549; x_wconf 87' lang='lat' dir='ltr'><strong>et</strong></span> 
     </span>
     <span class='ocr_line' id='line_1_11' title="bbox 174 1597 1193 1684; baseline 0.003 -24"><span class='ocrx_word' id='word_1_73' title='bbox 174 1600 297 1674; x_wconf 88' lang='lat' dir='ltr'><strong>objectu</strong></span> <span class='ocrx_word' id='word_1_74' title='bbox 314 1611 476 1680; x_wconf 87' lang='lat' dir='ltr'><strong>pectorum</strong></span> <span class='ocrx_word' id='word_1_75' title='bbox 492 1612 523 1661; x_wconf 91' lang='lat' dir='ltr'><strong>et</strong></span> <span class='ocrx_word' id='word_1_76' title='bbox 537 1612 710 1662; x_wconf 87' lang='lat' dir='ltr'><strong>monstrata</strong></span> <span class='ocrx_word' id='word_1_77' title='bbox 726 1597 868 1663; x_wconf 81' lang='lat' dir='ltr'><strong>cominus</strong></span> <span class='ocrx_word' id='word_1_78' title='bbox 890 1600 1075 1683; x_wconf 66' lang='lat' dir='ltr'><strong>captivitate,</strong></span> <span class='ocrx_word' id='word_1_79' title='bbox 1099 1623 1193 1684; x_wconf 86' lang='lat' dir='ltr'><strong>quam</strong></span> 
     </span>
     <span class='ocr_line' id='line_1_12' title="bbox 163 1712 1192 1806; baseline 0.002 -33"><span class='ocrx_word' id='word_1_80' title='bbox 163 1714 264 1791; x_wconf 90' lang='lat' dir='ltr'><strong>longe</strong></span> <span class='ocrx_word' id='word_1_81' title='bbox 294 1712 506 1806; x_wconf 76' lang='lat' dir='ltr'><strong>impatientius</strong></span> <span class='ocrx_word' id='word_1_82' title='bbox 535 1714 723 1778; x_wconf 81' lang='lat' dir='ltr'><strong>feminarum</strong></span> <span class='ocrx_word' id='word_1_83' title='bbox 754 1736 882 1779; x_wconf 90' lang='lat' dir='ltr'><strong>suarum</strong></span> <span class='ocrx_word' id='word_1_84' title='bbox 915 1716 1042 1777; x_wconf 89' lang='lat' dir='ltr'><strong>nomine</strong></span> <span class='ocrx_word' id='word_1_85' title='bbox 1074 1717 1192 1791; x_wconf 76' lang='lat' dir='ltr'><strong>timent,</strong></span> 
     </span>
     <span class='ocr_line' id='line_1_13' title="bbox 171 1823 1192 1912; baseline 0.003 -27"><span class='ocrx_word' id='word_1_86' title='bbox 171 1823 250 1887; x_wconf 88' lang='lat' dir='ltr'><strong>adeo</strong></span> <span class='ocrx_word' id='word_1_87' title='bbox 268 1836 305 1887; x_wconf 85' lang='lat' dir='ltr'><strong>ut</strong></span> <span class='ocrx_word' id='word_1_88' title='bbox 325 1824 479 1888; x_wconf 87' lang='lat' dir='ltr'><strong>efficacius</strong></span> <span class='ocrx_word' id='word_1_89' title='bbox 501 1827 678 1907; x_wconf 82' lang='lat' dir='ltr'><strong>obligentur</strong></span> <span class='ocrx_word' id='word_1_90' title='bbox 699 1828 796 1890; x_wconf 88' lang='lat' dir='ltr'><strong>animi</strong></span> <span class='ocrx_word' id='word_1_91' title='bbox 817 1828 985 1907; x_wconf 82' lang='lat' dir='ltr'><strong>clvitatum,</strong></span> <span class='ocrx_word' id='word_1_92' title='bbox 1010 1829 1125 1912; x_wconf 91' lang='lat' dir='ltr'><strong>quibus</strong></span> <span class='ocrx_word' id='word_1_93' title='bbox 1143 1828 1192 1888; x_wconf 90' lang='lat' dir='ltr'><strong>in-</strong></span> 
     </span>
     <span class='ocr_line' id='line_1_14' title="bbox 171 1937 1191 2024; baseline 0.004 -24"><span class='ocrx_word' id='word_1_94' title='bbox 171 1949 219 2000; x_wconf 91' lang='lat' dir='ltr'><strong>ter</strong></span> <span class='ocrx_word' id='word_1_95' title='bbox 241 1937 365 2001; x_wconf 87' lang='lat' dir='ltr'><strong>obsides</strong></span> <span class='ocrx_word' id='word_1_96' title='bbox 392 1942 515 2021; x_wconf 90' lang='lat' dir='ltr'><strong>puellae</strong></span> <span class='ocrx_word' id='word_1_97' title='bbox 544 1961 672 2024; x_wconf 87' lang='lat' dir='ltr'><strong>quoque</strong></span> <span class='ocrx_word' id='word_1_98' title='bbox 694 1942 816 2005; x_wconf 91' lang='lat' dir='ltr'><strong>nobiles</strong></span> <span class='ocrx_word' id='word_1_99' title='bbox 836 1942 1042 2023; x_wconf 84' lang='lat' dir='ltr'><strong>imperantur.</strong></span> <span class='ocrx_word' id='word_1_100' title='bbox 1085 1944 1191 2004; x_wconf 86' lang='lat' dir='ltr'><strong>Inesse</strong></span> 
     </span>
     <span class='ocr_line' id='line_1_15' title="bbox 163 2050 1190 2138; baseline 0.007 -27"><span class='ocrx_word' id='word_1_101' title='bbox 163 2050 251 2133; x_wconf 68' lang='lat' dir='ltr'><strong>quin</strong></span> <span class='ocrx_word' id='word_1_102' title='bbox 280 2051 372 2114; x_wconf 84' lang='lat' dir='ltr'><strong>etiam</strong></span> <span class='ocrx_word' id='word_1_103' title='bbox 402 2066 545 2115; x_wconf 86' lang='lat' dir='ltr'><strong>sanctum</strong></span> <span class='ocrx_word' id='word_1_104' title='bbox 574 2053 694 2137; x_wconf 86' lang='lat' dir='ltr'><strong>aliquid</strong></span> <span class='ocrx_word' id='word_1_105' title='bbox 725 2067 756 2116; x_wconf 90' lang='lat' dir='ltr'><strong>et</strong></span> <span class='ocrx_word' id='word_1_106' title='bbox 783 2055 952 2136; x_wconf 82' lang='lat' dir='ltr'><strong>providum</strong></span> <span class='ocrx_word' id='word_1_107' title='bbox 974 2069 1104 2138; x_wconf 84' lang='lat' dir='ltr'><strong>putant,</strong></span> <span class='ocrx_word' id='word_1_108' title='bbox 1133 2078 1190 2118; x_wconf 84' lang='lat' dir='ltr'><strong>nec</strong></span> 
     </span>
     <span class='ocr_line' id='line_1_16' title="bbox 163 2160 1191 2253; baseline 0.004 -26"><span class='ocrx_word' id='word_1_109' title='bbox 163 2160 505 2232; x_wconf 58' lang='lat' dir='ltr'><strong>earumipsarum</strong></span> <span class='ocrx_word' id='word_1_110' title='bbox 531 2184 742 2251; x_wconf 77' lang='lat' dir='ltr'><strong>aspernantur</strong></span> <span class='ocrx_word' id='word_1_111' title='bbox 771 2182 825 2233; x_wconf 87' lang='lat' dir='ltr'><strong>aut</strong></span> <span class='ocrx_word' id='word_1_112' title='bbox 850 2191 1002 2253; x_wconf 85' lang='lat' dir='ltr'><strong>responsa</strong></span> <span class='ocrx_word' id='word_1_113' title='bbox 1022 2169 1191 2251; x_wconf 90' lang='lat' dir='ltr'><strong>negligunt.</strong></span> 
     </span>
     <span class='ocr_line' id='line_1_17' title="bbox 169 2279 1190 2365; baseline 0.003 -23"><span class='ocrx_word' id='word_1_114' title='bbox 169 2280 314 2344; x_wconf 75' lang='lat' dir='ltr'><strong>Vidimus</strong></span> <span class='ocrx_word' id='word_1_115' title='bbox 342 2279 403 2346; x_wconf 78' lang='lat' dir='ltr'><strong>sub</strong></span> <span class='ocrx_word' id='word_1_116' title='bbox 432 2282 505 2347; x_wconf 88' lang='lat' dir='ltr'><strong>divo</strong></span> <span class='ocrx_word' id='word_1_117' title='bbox 529 2281 724 2365; x_wconf 84' lang='lat' dir='ltr'><strong>Vespasiano</strong></span> <span class='ocrx_word' id='word_1_118' title='bbox 747 2281 901 2347; x_wconf 83' lang='lat' dir='ltr'><strong>Veledam</strong></span> <span class='ocrx_word' id='word_1_119' title='bbox 928 2284 982 2346; x_wconf 91' lang='lat' dir='ltr'><strong>diu</strong></span> <span class='ocrx_word' id='word_1_120' title='bbox 1011 2283 1096 2365; x_wconf 87' lang='lat' dir='ltr'><strong>apud</strong></span> <span class='ocrx_word' id='word_1_121' title='bbox 1123 2286 1190 2365; x_wconf 90' lang='lat' dir='ltr'><strong>ple·</strong></span> 
     </span>
     <span class='ocr_line' id='line_1_18' title="bbox 162 2396 1191 2478; baseline 0.005 -21"><span class='ocrx_word' id='word_1_122' title='bbox 162 2415 283 2478; x_wconf 56' lang='lat' dir='ltr'><strong>&gt;rosque</strong></span> <span class='ocrx_word' id='word_1_123' title='bbox 306 2396 445 2459; x_wconf 90' lang='lat' dir='ltr'><strong>numinis</strong></span> <span class='ocrx_word' id='word_1_124' title='bbox 467 2400 537 2460; x_wconf 92' lang='lat' dir='ltr'><strong>loco</strong></span> <span class='ocrx_word' id='word_1_125' title='bbox 556 2398 706 2460; x_wconf 86' lang='lat' dir='ltr'><strong>habitam.</strong></span> <span class='ocrx_word' id='word_1_126' title='bbox 748 2396 804 2461; x_wconf 89' lang='lat' dir='ltr'><strong>sed</strong></span> <span class='ocrx_word' id='word_1_127' title='bbox 825 2411 857 2460; x_wconf 91' lang='lat' dir='ltr'><strong>et</strong></span> <span class='ocrx_word' id='word_1_128' title='bbox 878 2401 953 2462; x_wconf 90' lang='lat' dir='ltr'><strong>olim</strong></span> <span class='ocrx_word' id='word_1_129' title='bbox 973 2401 1137 2462; x_wconf 82' lang='lat' dir='ltr'><strong>Auriniam</strong></span> <span class='ocrx_word' id='word_1_130' title='bbox 1160 2412 1191 2462; x_wconf 88' lang='lat' dir='ltr'><strong>et</strong></span> 
     </span>
     <span class='ocr_line' id='line_1_19' title="bbox 170 2514 1190 2595; baseline 0.002 -20"><span class='ocrx_word' id='word_1_131' title='bbox 170 2515 346 2594; x_wconf 87' lang='lat' dir='ltr'><strong>complures</strong></span> <span class='ocrx_word' id='word_1_132' title='bbox 371 2514 446 2577; x_wconf 88' lang='lat' dir='ltr'><strong>alias</strong></span> <span class='ocrx_word' id='word_1_133' title='bbox 470 2515 609 2579; x_wconf 83' lang='lat' dir='ltr'><strong>venerati</strong></span> <span class='ocrx_word' id='word_1_134' title='bbox 634 2527 708 2577; x_wconf 89' lang='lat' dir='ltr'><strong>sunt</strong></span> <span class='ocrx_word' id='word_1_135' title='bbox 730 2535 796 2576; x_wconf 91' lang='lat' dir='ltr'><strong>non</strong></span> <span class='ocrx_word' id='word_1_136' title='bbox 818 2514 1014 2595; x_wconf 86' lang='lat' dir='ltr'><strong>adulatione,</strong></span> <span class='ocrx_word' id='word_1_137' title='bbox 1043 2537 1101 2577; x_wconf 92' lang='lat' dir='ltr'><strong>nec</strong></span> <span class='ocrx_word' id='word_1_138' title='bbox 1122 2528 1190 2578; x_wconf 86' lang='lat' dir='ltr'><strong>tan-</strong></span> 
     </span>
     <span class='ocr_line' id='line_1_20' title="bbox 171 2628 531 2714; baseline 0.003 -22"><span class='ocrx_word' id='word_1_139' title='bbox 171 2650 265 2714; x_wconf 87' lang='lat' dir='ltr'><strong>quam</strong></span> <span class='ocrx_word' id='word_1_140' title='bbox 286 2630 425 2693; x_wconf 86' lang='lat' dir='ltr'><strong>facerent</strong></span> <span class='ocrx_word' id='word_1_141' title='bbox 450 2628 531 2694; x_wconf 86' lang='lat' dir='ltr'><strong>deas.</strong></span> 
     </span>
    </p>

    <p class='ocr_par' dir='ltr' id='par_1_5' title="bbox 163 2747 1219 3957">
     <span class='ocr_line' id='line_1_21' title="bbox 251 2747 1219 2826; baseline 0.006 -18"><span class='ocrx_word' id='word_1_142' title='bbox 251 2747 396 2809; x_wconf 91' lang='lat' dir='ltr'><strong>Deorum</strong></span> <span class='ocrx_word' id='word_1_143' title='bbox 415 2749 549 2809; x_wconf 87' lang='lat' dir='ltr'><strong>maxime</strong></span> <span class='ocrx_word' id='word_1_144' title='bbox 571 2749 764 2810; x_wconf 78' lang='lat' dir='ltr'><strong>Memmium</strong></span> <span class='ocrx_word' id='word_1_145' title='bbox 790 2751 914 2826; x_wconf 92' lang='lat' dir='ltr'><strong>colunt,</strong></span> <span class='ocrx_word' id='word_1_146' title='bbox 937 2749 987 2811; x_wconf 92' lang='lat' dir='ltr'><strong>cui</strong></span> <span class='ocrx_word' id='word_1_147' title='bbox 1012 2750 1102 2810; x_wconf 87' lang='lat' dir='ltr'><strong>certis</strong></span> <span class='ocrx_word' id='word_1_148' title='bbox 1124 2747 1219 2814; x_wconf 81' lang='lat' dir='ltr'><strong>dte-n</strong></span> 
     </span>
     <span class='ocr_line' id='line_1_22' title="bbox 166 2862 1189 2945; baseline 0.002 -24"><span class='ocrx_word' id='word_1_149' title='bbox 166 2862 227 2922; x_wconf 85' lang='lat' dir='ltr'><strong>bus</strong></span> <span class='ocrx_word' id='word_1_150' title='bbox 247 2862 393 2923; x_wconf 88' lang='lat' dir='ltr'><strong>humanis</strong></span> <span class='ocrx_word' id='word_1_151' title='bbox 418 2882 546 2945; x_wconf 84' lang='lat' dir='ltr'><strong>quoque</strong></span> <span class='ocrx_word' id='word_1_152' title='bbox 574 2862 684 2922; x_wconf 85' lang='lat' dir='ltr'><strong>hostiis</strong></span> <span class='ocrx_word' id='word_1_153' title='bbox 711 2864 802 2923; x_wconf 89' lang='lat' dir='ltr'><strong>litare</strong></span> <span class='ocrx_word' id='word_1_154' title='bbox 827 2862 874 2924; x_wconf 84' lang='lat' dir='ltr'><strong>las</strong></span> <span class='ocrx_word' id='word_1_155' title='bbox 893 2863 1020 2925; x_wconf 84' lang='lat' dir='ltr'><strong>babent.</strong></span> <span class='ocrx_word' id='word_1_156' title='bbox 1066 2862 1189 2923; x_wconf 87' lang='lat' dir='ltr'><strong>Hercu·</strong></span> 
     </span>
     <span class='ocr_line' id='line_1_23' title="bbox 165 2976 1188 3059; baseline 0.001 -23"><span class='ocrx_word' id='word_1_157' title='bbox 165 2976 228 3037; x_wconf 90' lang='lat' dir='ltr'><strong>lem</strong></span> <span class='ocrx_word' id='word_1_158' title='bbox 250 2998 285 3038; x_wconf 87' lang='lat' dir='ltr'><strong>ac</strong></span> <span class='ocrx_word' id='word_1_159' title='bbox 299 2977 435 3038; x_wconf 88' lang='lat' dir='ltr'><strong>Martem</strong></span> <span class='ocrx_word' id='word_1_160' title='bbox 455 2978 608 3039; x_wconf 89' lang='lat' dir='ltr'><strong>concessis</strong></span> <span class='ocrx_word' id='word_1_161' title='bbox 630 2976 816 3040; x_wconf 90' lang='lat' dir='ltr'><strong>animalibus</strong></span> <span class='ocrx_word' id='word_1_162' title='bbox 837 2980 972 3059; x_wconf 89' lang='lat' dir='ltr'><strong>placant.</strong></span> <span class='ocrx_word' id='word_1_163' title='bbox 1013 2979 1088 3039; x_wconf 87' lang='lat' dir='ltr'><strong>Pars</strong></span> <span class='ocrx_word' id='word_1_164' title='bbox 1109 2976 1188 3038; x_wconf 91' lang='lat' dir='ltr'><strong>Sue-</strong></span> 
     </span>
     <span class='ocr_line' id='line_1_24' title="bbox 165 3087 1185 3173; baseline -0.002 -20"><span class='ocrx_word' id='word_1_165' title='bbox 165 3109 279 3153; x_wconf 84' lang='lat' dir='ltr'><strong>vorum</strong></span> <span class='ocrx_word' id='word_1_166' title='bbox 301 3105 330 3153; x_wconf 90' lang='lat' dir='ltr'><strong>et</strong></span> <span class='ocrx_word' id='word_1_167' title='bbox 350 3091 426 3153; x_wconf 90' lang='lat' dir='ltr'><strong>Isidi</strong></span> <span class='ocrx_word' id='word_1_168' title='bbox 445 3088 604 3153; x_wconf 65' lang='lat' dir='ltr'><strong>sacrificat·</strong></span> <span class='ocrx_word' id='word_1_169' title='bbox 647 3087 732 3152; x_wconf 88' lang='lat' dir='ltr'><strong>unde</strong></span> <span class='ocrx_word' id='word_1_170' title='bbox 754 3112 846 3152; x_wconf 87' lang='lat' dir='ltr'><strong>causa</strong></span> <span class='ocrx_word' id='word_1_171' title='bbox 868 3104 898 3153; x_wconf 91' lang='lat' dir='ltr'><strong>et</strong></span> <span class='ocrx_word' id='word_1_172' title='bbox 916 3093 1003 3171; x_wconf 86' lang='lat' dir='ltr'><strong>origo</strong></span> <span class='ocrx_word' id='word_1_173' title='bbox 1021 3090 1185 3173; x_wconf 79' lang='lat' dir='ltr'><strong>peregrino</strong></span> 
     </span>
     <span class='ocr_line' id='line_1_25' title="bbox 166 3202 1185 3286; baseline 0.002 -22"><span class='ocrx_word' id='word_1_174' title='bbox 166 3224 255 3266; x_wconf 86' lang='lat' dir='ltr'><strong>sacro</strong></span> <span class='ocrx_word' id='word_1_175' title='bbox 276 3226 388 3285; x_wconf 89' lang='lat' dir='ltr'><strong>parum</strong></span> <span class='ocrx_word' id='word_1_176' title='bbox 414 3202 568 3285; x_wconf 77' lang='lat' dir='ltr'><strong>comperI,</strong></span> <span class='ocrx_word' id='word_1_177' title='bbox 600 3204 661 3265; x_wconf 91' lang='lat' dir='ltr'><strong>nisi</strong></span> <span class='ocrx_word' id='word_1_178' title='bbox 681 3202 769 3286; x_wconf 92' lang='lat' dir='ltr'><strong>quod</strong></span> <span class='ocrx_word' id='word_1_179' title='bbox 790 3207 913 3284; x_wconf 92' lang='lat' dir='ltr'><strong>signum</strong></span> <span class='ocrx_word' id='word_1_180' title='bbox 933 3206 1037 3286; x_wconf 88' lang='lat' dir='ltr'><strong>ipsum</strong></span> <span class='ocrx_word' id='word_1_181' title='bbox 1059 3206 1094 3265; x_wconf 91' lang='lat' dir='ltr'><strong>in</strong></span> <span class='ocrx_word' id='word_1_182' title='bbox 1117 3226 1185 3266; x_wconf 87' lang='lat' dir='ltr'><strong>mo·</strong></span> 
     </span>
     <span class='ocr_line' id='line_1_26' title="bbox 166 3318 1185 3400; baseline 0.002 -20"><span class='ocrx_word' id='word_1_183' title='bbox 166 3318 240 3381; x_wconf 89' lang='lat' dir='ltr'><strong>dum</strong></span> <span class='ocrx_word' id='word_1_184' title='bbox 275 3320 418 3382; x_wconf 89' lang='lat' dir='ltr'><strong>liburnae</strong></span> <span class='ocrx_word' id='word_1_185' title='bbox 455 3318 623 3398; x_wconf 88' lang='lat' dir='ltr'><strong>figuratum</strong></span> <span class='ocrx_word' id='word_1_186' title='bbox 663 3318 753 3382; x_wconf 87' lang='lat' dir='ltr'><strong>docet</strong></span> <span class='ocrx_word' id='word_1_187' title='bbox 794 3318 954 3383; x_wconf 82' lang='lat' dir='ltr'><strong>advectam</strong></span> <span class='ocrx_word' id='word_1_188' title='bbox 990 3320 1185 3400; x_wconf 83' lang='lat' dir='ltr'><strong>religionem.</strong></span> 
     </span>
     <span class='ocr_line' id='line_1_27' title="bbox 165 3432 1184 3517; baseline -0.003 -19"><span class='ocrx_word' id='word_1_189' title='bbox 165 3436 312 3498; x_wconf 85' lang='lat' dir='ltr'><strong>Ceterum</strong></span> <span class='ocrx_word' id='word_1_190' title='bbox 338 3456 396 3497; x_wconf 89' lang='lat' dir='ltr'><strong>nec</strong></span> <span class='ocrx_word' id='word_1_191' title='bbox 417 3436 564 3497; x_wconf 88' lang='lat' dir='ltr'><strong>cohibere</strong></span> <span class='ocrx_word' id='word_1_192' title='bbox 590 3437 761 3516; x_wconf 85' lang='lat' dir='ltr'><strong>parietibus</strong></span> <span class='ocrx_word' id='word_1_193' title='bbox 787 3432 877 3512; x_wconf 89' lang='lat' dir='ltr'><strong>deos,</strong></span> <span class='ocrx_word' id='word_1_194' title='bbox 909 3456 1013 3517; x_wconf 89' lang='lat' dir='ltr'><strong>neque</strong></span> <span class='ocrx_word' id='word_1_195' title='bbox 1033 3435 1068 3496; x_wconf 90' lang='lat' dir='ltr'><strong>in</strong></span> <span class='ocrx_word' id='word_1_196' title='bbox 1089 3435 1184 3496; x_wconf 91' lang='lat' dir='ltr'><strong>ullam</strong></span> 
     </span>
     <span class='ocr_line' id='line_1_28' title="bbox 163 3546 1185 3630; baseline -0.004 -19"><span class='ocrx_word' id='word_1_197' title='bbox 163 3551 295 3611; x_wconf 88' lang='lat' dir='ltr'><strong>humani</strong></span> <span class='ocrx_word' id='word_1_198' title='bbox 326 3550 388 3611; x_wconf 87' lang='lat' dir='ltr'><strong>oris</strong></span> <span class='ocrx_word' id='word_1_199' title='bbox 417 3549 551 3630; x_wconf 87' lang='lat' dir='ltr'><strong>speciem</strong></span> <span class='ocrx_word' id='word_1_200' title='bbox 582 3547 752 3611; x_wconf 88' lang='lat' dir='ltr'><strong>assimilare</strong></span> <span class='ocrx_word' id='word_1_201' title='bbox 782 3570 822 3609; x_wconf 86' lang='lat' dir='ltr'><strong>ex</strong></span> <span class='ocrx_word' id='word_1_202' title='bbox 849 3546 1062 3628; x_wconf 85' lang='lat' dir='ltr'><strong>magnitudine</strong></span> <span class='ocrx_word' id='word_1_203' title='bbox 1084 3549 1185 3612; x_wconf 88' lang='lat' dir='ltr'><strong>coele-</strong></span> 
     </span>
     <span class='ocr_line' id='line_1_29' title="bbox 163 3652 1186 3742; baseline 0.003 -17"><span class='ocrx_word' id='word_1_204' title='bbox 163 3665 257 3725; x_wconf 87' lang='lat' dir='ltr'><strong>stium</strong></span> <span class='ocrx_word' id='word_1_205' title='bbox 281 3664 483 3726; x_wconf 83' lang='lat' dir='ltr'><strong>arbitrantur.</strong></span> <span class='ocrx_word' id='word_1_206' title='bbox 524 3663 629 3727; x_wconf 89' lang='lat' dir='ltr'><strong>Lucos</strong></span> <span class='ocrx_word' id='word_1_207' title='bbox 663 3688 697 3728; x_wconf 86' lang='lat' dir='ltr'><strong>ac</strong></span> <span class='ocrx_word' id='word_1_208' title='bbox 724 3652 857 3729; x_wconf 84' lang='lat' dir='ltr'><strong>nemora</strong></span> <span class='ocrx_word' id='word_1_209' title='bbox 885 3676 1084 3742; x_wconf 89' lang='lat' dir='ltr'><strong>consecrant,</strong></span> <span class='ocrx_word' id='word_1_210' title='bbox 1110 3663 1186 3728; x_wconf 89' lang='lat' dir='ltr'><strong>deo·</strong></span> 
     </span>
     <span class='ocr_line' id='line_1_30' title="bbox 163 3779 1185 3863; baseline 0.003 -24"><span class='ocrx_word' id='word_1_211' title='bbox 163 3799 298 3861; x_wconf 87' lang='lat' dir='ltr'><strong>rumque</strong></span> <span class='ocrx_word' id='word_1_212' title='bbox 326 3779 508 3842; x_wconf 89' lang='lat' dir='ltr'><strong>nominibus</strong></span> <span class='ocrx_word' id='word_1_213' title='bbox 532 3781 690 3862; x_wconf 85' lang='lat' dir='ltr'><strong>appellant</strong></span> <span class='ocrx_word' id='word_1_214' title='bbox 710 3795 865 3846; x_wconf 85' lang='lat' dir='ltr'><strong>secretum</strong></span> <span class='ocrx_word' id='word_1_215' title='bbox 886 3779 982 3859; x_wconf 78' lang='lat' dir='ltr'><strong>illud,</strong></span> <span class='ocrx_word' id='word_1_216' title='bbox 1012 3779 1097 3863; x_wconf 89' lang='lat' dir='ltr'><strong>quod</strong></span> <span class='ocrx_word' id='word_1_217' title='bbox 1119 3784 1185 3843; x_wconf 87' lang='lat' dir='ltr'><strong>sola</strong></span> 
     </span>
     <span class='ocr_line' id='line_1_31' title="bbox 164 3892 561 3957; baseline 0.008 -4"><span class='ocrx_word' id='word_1_218' title='bbox 164 3893 340 3957; x_wconf 84' lang='lat' dir='ltr'><strong>reverentia</strong></span> <span class='ocrx_word' id='word_1_219' title='bbox 360 3892 477 3956; x_wconf 87' lang='lat' dir='ltr'><strong>vident.</strong></span> <span class='ocrx_word' id='word_1_220' title='bbox 555 3931 561 3943; x_wconf 91' lang='lat'><strong>·</strong></span> 
     </span>
    </p>

    <p class='ocr_par' dir='ltr' id='par_1_6' title="bbox 164 4004 1233 4203">
     <span class='ocr_line' id='line_1_32' title="bbox 248 4004 1233 4088; baseline 0.004 -20"><span class='ocrx_word' id='word_1_221' title='bbox 248 4007 396 4088; x_wconf 84' lang='lat' dir='ltr'><strong>Auspicia</strong></span> <span class='ocrx_word' id='word_1_222' title='bbox 416 4018 579 4088; x_wconf 86' lang='lat' dir='ltr'><strong>sortesque</strong></span> <span class='ocrx_word' id='word_1_223' title='bbox 600 4017 636 4067; x_wconf 88' lang='lat' dir='ltr'><strong>nt</strong></span> <span class='ocrx_word' id='word_1_224' title='bbox 656 4007 712 4088; x_wconf 88' lang='lat' dir='ltr'><strong>qui</strong></span> <span class='ocrx_word' id='word_1_225' title='bbox 731 4009 867 4069; x_wconf 84' lang='lat' dir='ltr'><strong>maxime</strong></span> <span class='ocrx_word' id='word_1_226' title='bbox 886 4009 1067 4069; x_wconf 86' lang='lat' dir='ltr'><strong>observant.</strong></span> <span class='ocrx_word' id='word_1_227' title='bbox 1109 4004 1184 4066; x_wconf 86' lang='lat' dir='ltr'><strong>Sor·</strong></span> <span class='ocrx_word' id='word_1_228' title='bbox 1199 4025 1233 4072; x_wconf 84' lang='lat' dir='ltr'><strong>to</strong></span> 
     </span>
     <span class='ocr_line' id='line_1_33' title="bbox 164 4119 1184 4203; baseline -0.004 -21"><span class='ocrx_word' id='word_1_229' title='bbox 164 4119 243 4185; x_wconf 89' lang='lat' dir='ltr'><strong>tium</strong></span> <span class='ocrx_word' id='word_1_230' title='bbox 264 4121 457 4185; x_wconf 87' lang='lat' dir='ltr'><strong>consuetudo</strong></span> <span class='ocrx_word' id='word_1_231' title='bbox 485 4120 636 4203; x_wconf 85' lang='lat' dir='ltr'><strong>simplex:</strong></span> <span class='ocrx_word' id='word_1_232' title='bbox 668 4119 786 4200; x_wconf 78' lang='lat' dir='ltr'><strong>virganr</strong></span> <span class='ocrx_word' id='word_1_233' title='bbox 810 4120 977 4202; x_wconf 82' lang='lat' dir='ltr'><strong>frugiferas</strong></span> <span class='ocrx_word' id='word_1_234' title='bbox 1002 4120 1117 4182; x_wconf 48' lang='lat' dir='ltr'><strong>arbori*</strong></span> <span class='ocrx_word' id='word_1_235' title='bbox 1131 4119 1184 4180; x_wconf 89' lang='lat' dir='ltr'><strong>de-</strong></span> 
     </span>
    </p>
   </div>
   <div class='ocr_carea' id='block_1_4' title="bbox 0 0 1480 4775">
    <p class='ocr_par' dir='ltr' id='par_1_7' title="bbox 0 0 1480 4775">
     <span class='ocr_line' id='line_1_34' title="bbox 0 0 1480 4775; baseline 0 2"><span class='ocrx_word' id='word_1_236' title='bbox 0 0 1480 4775; x_wconf 95' lang='lat' dir='ltr'><strong> </strong></span> 
     </span>
    </p>
   </div>
  </div>
 </body>
</html>
