2950 4775
476 432 539 501 nx
564 399 819 510 tuntutuus
1114 452 1159 521 eo
1223 415 1229 427 ’

220 604 380 671 Reductus
401 604 477 671 inde
498 607 531 672 in
556 610 690 678 hiberna
709 616 799 681 mileo
818 617 918 685 laetue
941 620 1047 706 animi,
1069 624 1156 711 quod
1169 636 1240 702 22⁶

134 716 267 786 adverae
293 720 390 784 marie
419 721 620 806 expeditione
647 748 802 812 prospera
822 734 1026 814 penaaviaeet.
1067 737 1155 805 addi·

134 830 181 896 dit
199 834 444 901 munificentiam
464 858 571 902 caeear
593 853 748 925 quantum
772 845 843 927 quia
864 844 973 910 damni
995 854 1155 932 proieaeue

134 959 203 1009 erat
230 947 435 1015 exsoluendo.
476 950 544 1015 Nec
568 950 701 1019 dubium
722 958 900 1026 habebatur
920 964 1028 1031 labare
1049 968 1155 1035 bootes

132 1058 349 1145 petendaeque
367 1063 453 1145 pacia
475 1065 606 1131 concilia
626 1088 768 1152 numere,
790 1086 823 1139 et
842 1075 870 1139 ai
888 1077 1037 1160 proxima
1056 1097 1155 1150 aeetae

133 1168 322 1251 adjiceretur
349 1195 443 1259 ponae
470 1179 588 1245 bellum
615 1183 753 1264 patrari:
785 1185 842 1251 aed
870 1193 989 1257 crebris
1009 1195 1155 1280 'epistolio

132 1284 280 1350 Taberiua
300 1291 459 1369 monebat,
479 1289 600 1358 rediret
613 1291 655 1357 ad
675 1293 836 1364 decretum
854 1302 1060 1392 triumphum,
1080 1313 1155 1376 aetia

132 1399 196 1475 iam
227 1412 413 1484 eventuum,
443 1404 518 1469 aetio
549 1427 696 1490 caenum,
727 1433 882 1499 prospera
907 1418 955 1485 illi
982 1436 1014 1489 et
1041 1446 1155 1509 magna

132 1513 263 1595 proelia.
303 1536 414 1582 eorum
429 1523 558 1605 quoque
575 1523 776 1610 meminisset,
797 1537 981 1616 quaerenti
998 1550 1030 1603 et
1041 1538 1154 1605 fluctua

132 1629 223 1692 nulla
242 1626 329 1695 ducia
350 1631 444 1715 culpa
466 1633 573 1715 grauia
596 1648 702 1701 tamen
724 1653 755 1704 et
776 1663 869 1710 meva
890 1644 1005 1712 damna
1030 1651 1154 1716 intulis·

133 1753 215 1810 eant.
257 1761 292 1807 ee
312 1745 422 1811 noriea
443 1768 463 1811 a
483 1748 559 1819 divo
581 1752 723 1836 duguato
743 1755 778 1820 in
801 1759 1003 1828 Germaniam
1023 1765 1153 1832 mimum

131 1857 227 1937 plura
255 1858 386 1924 coneilio
416 1881 512 1946 quana
536 1865 570 1930 vi
596 1869 777 1949 perfeciaaea
827 1875 873 1939 aio
900 1875 1091 1961 Sugambros
1118 1884 1153 1947 ia

132 1966 325 2038 deditionem
345 1986 495 2058 acceptae,
517 1979 561 2044 aic
581 1978 703 2052 Suevoa
724 2007 899 2075 regemque
915 1992 1153 2064 Maroboduum

127 2101 212 2166 ‚pace
238 2086 431 2162 obetriotum.
476 2112 571 2175 poene
592 2107 623 2160 et
644 2095 821 2168 Gbernecoa
843 2116 1024 2195 ceteraeque
1049 2114 1154 2178 rebel·

129 2195 211 2261 lium
231 2212 347 2281 genter,
369 2202 498 2287 quando
519 2225 668 2276 romanae
690 2214 806 2282 ultioni
827 2224 1006 2290 consultum
1026 2240 1083 2307 eat,
1102 2229 1154 2292 in·

131 2314 230 2378 ternis
254 2313 417 2382 ffiacordiia
438 2321 587 2410 relinqui.
637 2330 790 2401 Precante
818 2337 1007 2410 Germanico
1035 2368 1153 2414 annum

131 2425 302 2495 efficiendis
324 2435 442 2516 coeptis
464 2438 567 2503 anina
585 2442 771 2513 modoetiam
792 2454 860 2532 eiua
880 2456 1057 2539 aggreditur
1076 2463 1153 2525 alte·

129 2562 205 2607 runa
226 2546 425 2613 consulatum
443 2552 616 2639 offerendo,
636 2566 726 2642 cujua
746 2569 855 2631 munia
874 2592 1022 2652 praeaene
1041 2574 1154 2639 obiret.

130 2659 224 2723 aimul
246 2660 445 2745 adnectebat,
466 2669 494 2733 ei
513 2672 600 2739 foret
618 2675 721 2744 adhuc
741 2682 937 2768 bellandum,
957 2690 1153 2776 relinqueret

129 2773 290 2837 materiem
307 2776 409 2841 Drusi
428 2781 534 2848 fratria
553 2789 682 2872 gloriae,
703 2795 761 2878 qui
780 2799 870 2864 nullo
890 2811 959 2866 tum
980 2805 1043 2869 alio
1060 2807 1152 2871 boete

129 2907 195 2953 non
223 2889 286 2951 niai
313 2890 399 2974 apud
423 2894 607 2966 Germaniae
629 2910 755 2991 aeaequi
774 2931 890 2976 nomen
914 2914 1151 3000 imperatorium

129 3010 161 3060 et
181 2976 348 3082 deportare
368 3006 510 3073 iameam
530 3027 646 3094 portet.
687 3021 784 3086 Haud
811 3039 972 3094 cunetatua
998 3044 1045 3095 eat
1067 3035 1152 3095 ultra

212 3341 257 3427 (a.
278 3343 333 3430 16)
359 3348 440 3414 Fine
460 3355 537 3419 anni
560 3379 651 3427 arcua
672 3378 806 3450 propter
826 3367 935 3435 aedem
956 3370 1086 3438 Sauuni
1107 3376 1231 3453 obztt

123 3466 252 3536 recepta
272 3457 361 3539 eigna
387 3485 459 3529 cum
479 3467 567 3535 Varo
589 3476 720 3557 amiam,
748 3477 845 3546 ductu
867 3483 1064 3568 Germanici,
1094 3512 1150 3553 au-

125 3563 232 3646 aptotis
259 3568 397 3655 Tiberii,
430 3590 463 3642 et
485 3581 577 3649 aedes
599 3586 691 3655 fortio
711 3591 873 3660 Fortunae
895 3599 1038 3664 Tiberim
1061 3607 1150 3680 jnxta

122 3675 160 3738 in
180 3680 298 3763 hortis,
327 3708 408 3771 quoe
432 3690 547 3760 Gaeaar
576 3697 710 3770 dictator
729 3712 851 3793 populo
872 3733 1005 3780 romano
1025 3718 1149 3799 legave-

119 3803 183 3872 ftb
204 3797 375 3866 eamn-ium
395 3809 481 3887 genti
495 3813 592 3891 iuliae
613 3817 794 3908 effigiesque
815 3823 889 3893 divo
905 3829 1047 3915 Anguato
1062 3830 1147 3917 apud

119 3903 264 3974 Bavillae
284 3909 441 3984 dicantur

208 4016 252 4104 (a.
275 4021 330 4108 17)
358 4027 436 4111 Gaio
456 4032 609 4119 Caecilio,
638 4040 741 4110 Lucio
765 4048 942 4135 Pomponio
965 4059 1228 4144 oonauiibuaut

119 4131 331 4206 Germanicus
353 4167 461 4216 caeaar
481 4150 552 4218 ante
580 4154 663 4225 diem
683 4165 850 4248 septimum
873 4172 1052 4242 calendae
1042 4180 1148 4257 uniet
1256 4272 1259 4277 Ι

863 4286 884 4347 i
