2950 4775
329 274 393 342 122
621 272 652 343 tt
675 273 782 343 Vl'l'A
802 274 1066 345 cumcuma*

327 447 493 533 intercepti
519 460 603 514 eunt.
651 471 688 512 ac
716 450 805 514 fuere
831 470 911 536 quot
940 472 1000 535 per
1020 450 1206 527 commercia
1227 471 1353 517 renun-

327 561 416 627 datot
445 575 476 626 et
500 562 534 626 in
563 574 703 628 noctram
730 583 832 649 utque
855 564 960 647 ripam
982 567 1155 629 mutatione
1179 564 1352 628 ementium

327 676 479 742 adductae
499 677 649 743 indicium
670 680 751 741 tanti
771 699 860 743 caeue
880 679 1060 744 illustrauit.

275 811 314 862 8²
414 839 424 859 .
446 836 456 856 .
476 835 487 857 .
506 791 651 858 deserent
670 793 744 858 illoc
768 795 864 859 ceteri
885 795 1045 875 Germani,
1065 806 1217 879 tanquam
1246 813 1352 875 nuper

325 903 418 989 Usipi
439 906 647 994 reliquerunt.
1333 888 1340 893 ἡ

274 1036 311 1088 ao
409 1020 454 1101 (a.
475 1020 531 1102 at)
552 1019 718 1106 Simulque
741 1021 916 1086 constantia
934 1021 1028 1085 timul
1049 1033 1115 1085 arte
1133 1020 1278 1084 Britanni
1298 1022 1350 1083 iu·

325 1134 469 1215 gentibue
493 1133 603 1217 gladiis
630 1148 662 1199 et
688 1138 841 1202 breuibus
872 1138 982 1202 caetris
1010 1136 1139 1201 missilia
1165 1148 1350 1199 nostrorum

323 1248 422 1312 vitare
450 1250 501 1315 vel
529 1263 696 1329 excutere,
727 1263 822 1335 atque
853 1252 916 1335 ipai
943 1272 1088 1332 magnam
1117 1250 1182 1316 uim
1210 1251 1348 1312 telorum

324 1359 571 1444 superfundere:
603 1362 704 1427 donec
726 1362 872 1442 Agricola
899 1375 964 1426 trec
984 1364 1176 1427 Batavorum
1200 1362 1348 1425 cohorter

323 1497 359 1537 ac
380 1477 582 1558 Tungrorum
603 1475 680 1541 duae
711 1480 892 1543 cohortatus
914 1490 976 1557 eet,
1009 1491 1133 1541 utrem
1156 1474 1196 1538 ad
1219 1495 1347 1538 mucro·

322 1609 380 1652 nea
401 1611 438 1652 ac
459 1610 571 1654 manue
592 1589 803 1671 adducerent,
828 1591 916 1678 quod
938 1605 969 1655 et
993 1592 1069 1675 ipeia
1087 1603 1240 1655 vetustate
1263 1591 1347 1652 mili-

323 1703 386 1766 tlae
418 1705 625 1768 exercitatum
657 1717 687 1769 et
720 1706 864 1772 hortibua
896 1682 1036 1771 inhabile
1066 1728 1166 1790 parva
1197 1716 1284 1769 acuta
1314 1717 1347 1766 et

323 1837 469 1882 enormes
498 1816 618 1900 gladiot
649 1821 841 1900 gerentibus.
893 1842 967 1883 nam
995 1821 1222 1893 Britannorum
1249 1816 1348 1897 gladii

279 1944 284 1949 '
322 1933 391 1997 aine
412 1955 563 1997 mucrone
581 1936 780 2019 complexum
795 1956 957 2000 murorum
973 1949 1005 2000 et
1025 1939 1059 1998 in
1080 1947 1189 2018 aperto
1207 1956 1347 2019 pugnam

321 2072 387 2115 non
414 2053 600 2116 tolerabant.
641 2051 737 2133 igitur
764 2064 801 2116 ut
824 2051 936 2117 Batavi
963 2053 1093 2115 miscere
1120 2052 1217 2130 ictus,
1246 2051 1346 2116 ferire

320 2165 532 2244 umbonibus,
559 2185 617 2228 ora
636 2162 748 2228 fodere
775 2176 807 2227 et
832 2164 937 2228 atratis
961 2165 1017 2250 qui
1035 2167 1079 2228 in‘
1092 2184 1195 2248 aeque
1217 2161 1345 2226 adstite-

320 2292 392 2344 rant
413 2281 531 2362 erigere
559 2279 595 2343 in
616 2282 713 2344 colles
742 2279 840 2346 aciem
869 2300 1019 2363 coepere,
1048 2288 1168 2342 ceterae
1196 2279 1346 2342 cohortes

321 2400 531 2463 aemulatione
565 2410 597 2462 et
635 2397 756 2482 impetu
789 2397 968 2462 commistae
999 2397 1162 2481 proximos
1196 2416 1344 2482 quosque

319 2513 462 2580 caedere.

268 2648 305 2698 ao
403 2625 445 2714 (a.
467 2624 523 2708 84)
543 2627 638 2689 Hunc
658 2647 767 2691 rerum
788 2648 933 2707 curcum,
959 2648 1141 2711 quanquam
1161 2627 1247 2689 nulla
1267 2646 1343 2690 ver-

318 2747 433 2808 borum
457 2743 603 2822 jactantia
633 2743 772 2825 epistolia
798 2742 960 2823 Agricolae
989 2755 1131 2820 auctum,
1162 2754 1199 2804 ut
1225 2742 1341 2804 Domi-

317 2860 405 2922 tiano
426 2858 523 2921 morie
548 2870 631 2936 erat,
658 2857 765 2920 fronte
786 2859 906 2937 laetus,
931 2870 1056 2940 pectore
1078 2856 1191 2919 anxiae
1213 2856 1341 2939 excipit.

316 2974 421 3037 inerat
447 2973 637 3037 conscientia
669 2971 786 3036 derisui
814 2973 911 3036 fuieee
940 2993 1045 3055 nuper
1072 2973 1187 3034 falsum
1213 2992 1231 3033 e
1257 2970 1339 3033 Ger-

317 3087 423 3149 mania
442 3087 656 3170 triumphum,
684 3085 797 3168 emptio
822 3106 882 3168 per
903 3087 1088 3149 commercia
1117 3106 1253 3169 quorum
1278 3085 1338 3148 ha·

315 3203 400 3265 bitue
422 3212 454 3264 et
480 3200 581 3264 crines
609 3199 644 3262 in
671 3200 867 3282 captivorum
894 3201 1011 3282 epeciea
1040 3202 1270 3278 formarentur,
1300 3224 1337 3264 ac

315 3338 401 3378 nunc
421 3335 530 3381 reram
549 3336 756 3398 magnamque
777 3314 942 3380 victoriam
963 3328 1012 3380 tot
1034 3315 1173 3381 millibus
1197 3316 1337 3381 boetium

315 3428 412 3492 caetis
432 3426 551 3508 ingenti
571 3429 655 3489 lama
675 3421 836 3491 celebrari·

265 3560 299 3611 41
402 3539 445 3627 (a.
467 3537 524 3625 86)
554 3552 586 3603 et
615 3561 653 3602 ea
680 3540 820 3603 insecuta
847 3551 921 3602 eunt
947 3538 1164 3621 reipublicae
1193 3551 1335 3622 tempora
1399 3621 1404 3630 Ι

315 3676 396 3739 quae
428 3655 513 3717 alleri
539 3654 717 3734 Agricolam
749 3674 816 3717 non
846 3651 1002 3716 sinerent:
1035 3664 1084 3714 tot
1113 3653 1270 3715 exercitus
1299 3653 1332 3713 in

313 3770 436 3832 Moesia
457 3769 620 3854 Daciaque
648 3780 680 3831 et
708 3767 877 3831 Germania
908 3779 938 3830 et
966 3767 1129 3831 Pannonia
1158 3768 1333 3830 temeritate

314 3897 368 3950 aut
387 3904 446 3966 per
465 3883 621 3963 ignaviam
641 3882 757 3946 ductum
783 3885 905 3962 amital,
932 3895 982 3947 tot
1006 3883 1156 3946 militares
1176 3885 1238 3946 viri
1259 3904 1333 3947 cum

312 4009 359 4061 tot
388 3998 569 4061 cohortibus
597 3999 775 4098 expugnati
795 4012 826 4063 et
855 4000 953 4082 capti,
993 4020 1051 4061 nec
1075 4004 1139 4081 jam
1167 3996 1206 4061 de
1233 3998 1333 4063 limite
