2950 4775
299 289 343 353 72
652 287 714 355 EX
738 286 975 357 HISTORIIS

214 463 286 528 ¹‚59
385 433 486 526 Julius
509 460 622 527 deinde
644 460 753 525 Civilis
775 463 915 544 periculo
936 473 1113 545 exemptus,
1131 474 1326 546 praepotens

301 577 383 640 inter
402 577 556 656 Batavos,
584 596 624 638 ne
646 575 801 658 supplicio
823 581 890 656 ejus
910 578 1004 643 ferax
1024 594 1100 655 gens
1120 575 1328 645 alienaretur.

302 704 334 754 et
354 702 443 754 erant
462 692 497 754 in
521 690 644 756 civitate
664 690 844 771 Lingonum
864 703 934 754 octo
956 693 1148 755 Batavorum
1167 693 1328 771 cohortes,

301 815 432 886 quartae
455 800 603 868 decumae
623 804 754 884 legionis
776 804 910 883 auxilia,
931 815 1000 865 tum
1024 801 1180 867 discordia
1199 816 1328 887 tempo·

301 938 374 978 rum
395 940 414 980 a
434 918 557 998 legione
578 916 742 999 digressae,
763 929 860 998 prout
882 915 1093 996 inclinassent,
1114 915 1231 998 grande
1251 937 1327 980 nso·

302 1043 442 1094 mentum
463 1033 564 1096 sociae
587 1044 641 1096 aut
665 1031 824 1097 adversae.
864 1032 1025 1111 Nonium,
1045 1032 1237 1112 Donatium,
1256 1032 1327 1095 Ro-

302 1150 439 1229 milium,
467 1148 676 1232 Calpurnium
696 1149 912 1231 centuriones,
944 1148 1121 1234 dequibus
1145 1169 1241 1232 supra
1259 1160 1329 1211 ret·

302 1264 441 1342 tulimus,
463 1262 562 1328 occidi
582 1269 672 1346 jussit
693 1265 857 1329 damnatos
884 1264 958 1328 fidei
978 1264 1118 1342 crimine,
1140 1262 1327 1343 gravissimu

302 1380 384 1444 inter
404 1379 618 1447 desciscentes.
659 1402 815 1447 accessere
835 1381 978 1464 partibus
998 1378 1146 1443 Valerius
1167 1377 1327 1441 AsIaticus

303 1493 440 1574 belgicae
467 1493 649 1576 provinciae
678 1497 816 1577 legatus,
842 1516 936 1580 quem
957 1515 1036 1558 mox
1061 1492 1208 1556 Vitellius
1231 1513 1329 1573 gene-

303 1632 377 1673 rutn
413 1608 558 1690 adscivit,
591 1624 621 1675 et
654 1612 766 1675 lunius
799 1613 930 1675 Blaesus
965 1606 1169 1690 lugdunensis
1204 1606 1328 1671 Galliae

305 1735 408 1788 rector
433 1745 503 1788 cum
524 1723 627 1787 italica
646 1725 770 1806 legione
794 1737 824 1786 et
852 1726 902 1786 ala
922 1723 1065 1788 Taurino
1084 1720 1234 1807 Lugduni
1257 1733 1329 1785 teu·

306 1834 468 1914 dentibus,
498 1856 556 1902 nec
578 1838 612 1903 ia
632 1838 758 1921 raeticis
780 1836 878 1918 copiis
898 1857 989 1901 mora
1010 1855 1075 1920 quo
1097 1834 1202 1897 minue
1222 1834 1344 1905 statim,
1455 1844 1456 1915 j

306 1950 560 2032 adjungerentur.

224 2082 294 2145 ¹2⁶⁰
391 2064 441 2131 Ne
462 2064 497 2127 in
520 2063 687 2138 Britannia
707 2062 836 2150 quidem
857 2061 1044 2127 dubitatum.
1066 2074 1127 2127 etc.

225 2195 289 2263 1,ct
391 2179 549 2260 Adjuncto
570 2182 747 2246 britannico
771 2180 912 2243 exercitu
931 2180 1042 2258 ingens
1058 2177 1179 2242 viribus
1199 2175 1332 2258 opibus·

308 2315 371 2378 que
391 2295 540 2361 Vitellius
565 2295 645 2359 dtsos
670 2295 781 2375 duces,
815 2294 878 2359 duo
908 2293 1020 2358 itInera
1047 2295 1131 2357 bello
1154 2289 1332 2354 destinavit.

308 2410 425 2476 Fabius
445 2412 563 2478 Valens
588 2414 712 2477 allicere
732 2414 794 2493 rel,
816 2412 843 2476 si
861 2413 1046 2489 abnuerent,
1065 2422 1189 2476 vastare
1211 2408 1332 2474 Gsffias

310 2537 340 2588 et
360 2526 502 2589 conianis
525 2526 649 2608 alpibus
669 2524 792 2589 Italiam
811 2524 1003 2605 irrumpere,
1024 2522 1159 2588 Caecina
1177 2521 1333 2606 propiore

309 2638 445 2701 transitu
464 2639 588 2721 peninis
611 2638 691 2719 jugis
718 2636 845 2717 degredi
866 2642 979 2715 jussus.
1020 2638 1150 2702 Valenti
1168 2634 1333 2699 inferioris

311 2753 466 2815 exercitus
487 2751 576 2815 electi
597 2773 669 2815 cum
695 2750 801 2833 aquila
830 2749 957 2833 quintae
979 2749 1109 2829 legionis
1134 2762 1165 2813 et
1192 2748 1333 2812 cohorti·

310 2864 372 2928 bus
394 2866 513 2949 alisque
535 2864 575 2927 ad
597 2862 803 2948 quadraginta
825 2864 924 2926 millia
947 2875 1140 2927 armatorum
1161 2860 1252 2926 data:
1272 2860 1333 2926 tri·

310 2979 396 3059 ginta
431 2978 530 3041 millia
567 2977 702 3041 Caecina
733 2998 751 3038 e
786 2975 949 3056 superiore
983 2974 1152 3038 Germania
1185 2972 1333 3046 ducebat,

311 3112 450 3175 quorum
470 3093 571 3153 robur
590 3090 671 3172 legio
694 3109 774 3166 una,
795 3087 1091 3169 primactvicesima,
1112 3087 1182 3150 fuit.
1225 3086 1334 3152 addita

311 3204 439 3287 utrique
469 3195 703 3268 Germanorum
732 3204 868 3283 auxilia,
899 3224 917 3265 e
946 3202 1062 3285 quibus
1083 3201 1229 3265 Vitellius
1257 3222 1333 3265 suas

312 3321 441 3401 quoque
463 3318 568 3401 copias
589 3315 762 3398 supplerit,
783 3327 847 3378 tota
869 3316 952 3377 mole
972 3315 1049 3376 belli
1068 3325 1245 3378 secuturus.

228 3441 298 3504 aet
397 3430 482 3494 Mira
513 3430 598 3494 inter
629 3430 802 3494 exercitum
835 3431 1121 3511 imperatoremque
1157 3427 1336 3504 diversitas.

311 3541 428 3606 instare
445 3542 544 3624 miles,
564 3564 651 3607 arma
668 3563 809 3625 poscere,
830 3540 907 3604 dum
927 3540 1046 3605 Galliae
1068 3537 1232 3623 trepident,
1254 3537 1334 3602 dum

311 3656 483 3740 Hispaniae
502 3670 696 3723 cunctentur.
737 3678 804 3722 non
820 3660 944 3721 obstare
965 3657 1102 3721 hiemem
1119 3677 1223 3741 neque
1243 3656 1335 3736 igna-

312 3791 370 3832 vae
391 3770 476 3852 pacis
496 3791 612 3837 merae.
652 3769 862 3835 invadendam
883 3771 1023 3851 ltaliam,
1044 3768 1257 3855 occupandam
1277 3791 1336 3833 ur·

313 3883 396 3946 bem.
448 3885 528 3946 nihil
557 3887 592 3947 in
611 3883 790 3978 ‘discordiis
822 3884 966 3951 civilibus
998 3885 1197 3952 festinatione
1226 3885 1337 3963 tutius,

315 3998 369 4059 ubi
396 3997 479 4062 facto
508 3999 604 4081 magis
633 4022 728 4084 quam
760 4001 903 4064 consulto
932 4020 1012 4083 opus
1042 4011 1132 4065 esset.
1173 4000 1338 4084 Torpebat
