2950 4775
503 290 566 359 ux
588 287 824 359 HISTORIIS
1109 291 1172 358 119

150 467 278 547 bantur.
320 463 437 544 adjecta
450 463 566 546 ingens
586 462 729 529 lintrium
747 464 796 531 vis
819 463 860 528 nd
880 461 1016 529 tricenos
1036 462 1171 547 quadra-

150 597 321 661 genosque.
370 577 423 641 sed
455 592 647 643 armamenta
675 579 840 642 liburnicis
872 578 981 642 solita:
1021 589 1052 639 et
1080 577 1174 639 simul

151 703 259 772 captae
286 692 393 755 lintres
423 694 537 775 sagulis
569 695 811 759 versicoloribus
835 691 923 757 houd
944 692 1092 758 indecore
1113 706 1172 778 pr'o

151 809 230 872 velie
246 810 448 888 juvabantur.
492 810 628 893 spatium
648 812 736 878 velut
757 808 904 893 aequoris
925 811 1074 889 electum,
1107 828 1173 892 quo

150 922 261 985 Mosae
287 924 434 987 'fluminis
466 945 502 987 os
537 945 660 988 amnem
693 925 842 991 Rhenum
876 936 994 986 oceano
1027 919 1174 984 offundit.

153 1033 255 1099 Causa
274 1036 475 1099 instruendae
497 1037 612 1115 classis,
632 1058 728 1121 super
747 1037 873 1100 insitam
893 1035 978 1117 genti
995 1034 1173 1112 vanitatem,

123 1211 127 1218 ,
153 1159 187 1208 ut
216 1169 254 1209 eo
283 1158 404 1211 terrore
426 1161 617 1212 commeatus
647 1149 750 1212 Gallia
777 1148 981 1214 adventantes
1007 1148 1173 1230 intercipe·

152 1271 274 1324 rentur.
318 1260 446 1325 Cerialis
464 1263 614 1327 miraculo
634 1263 730 1343 magis
749 1284 845 1346 quam
864 1276 947 1327 metu
966 1261 1081 1326 direxit
1097 1264 1176 1326 clas·

154 1396 221 1438 sem
240 1398 374 1441 numero
394 1377 557 1461 imparem,
577 1396 638 1440 usu
654 1378 816 1458 remigum,
837 1380 1083 1459 gubernatorum
1099 1388 1174 1454 arte,

154 1491 283 1554 navium
312 1491 526 1570 magnitudine
552 1493 721 1575 potiorem.
763 1492 814 1556 his
840 1492 958 1556 flumen
985 1487 1176 1553 secundum:

154 1603 201 1664 illi
221 1615 316 1667 vento
337 1605 520 1684 agebantur.
561 1604 605 1667 sic
625 1602 784 1689 praevecti
803 1603 921 1666 levium
941 1605 1076 1663 telorum
1093 1605 1176 1679 jactu

156 1714 355 1778 dirimuntur.
397 1716 506 1780 Civilis
525 1715 605 1781 nihil
625 1717 709 1778 ultra
725 1735 820 1779 ausus
839 1727 926 1778 mans
941 1714 1087 1777 Rhenum
1102 1735 1177 1777 con·

157 1832 257 1897 cessit.
301 1831 431 1895 Cerialis
451 1831 588 1894 insulam
607 1833 802 1897 Batavorum
828 1830 984 1893 hostiliter
1009 1828 1178 1910 populatus

158 1969 248 2029 agros
268 1948 422 2031 villasque
445 1946 552 2011 Civilis
572 1947 706 2012 intactos
727 1958 804 2013 notu
825 1959 891 2010 arte
913 1942 1028 2008 ducum
1048 1942 1179 2020 sinebat,
1274 2008 1279 2015 „

160 2082 259 2146 quum
286 2060 414 2124 interim
443 2060 530 2123 fluxu
562 2059 723 2124 auctumni
751 2071 783 2123 et
811 2059 929 2122 crebris
959 2079 1018 2140 per
1043 2056 1180 2119 hiemem

159 2176 313 2240 imbribus
333 2175 517 2258 superfusus
542 2175 642 2236 amnis
665 2176 836 2255 palustrem
856 2171 1070 2252 humilemque
1092 2168 1181 2229 insu-

160 2290 223 2352 lam
239 2289 274 2351 in
290 2289 401 2350 facicm
418 2286 519 2367 stagni
534 2285 684 2369 opplevit.
726 2306 783 2349 nec
800 2284 904 2349 classis
920 2295 974 2345 aut
990 2258 1180 2345 commeatus

161 2402 290 2467 aderant
309 2415 470 2488 castraque
491 2405 525 2466 in
544 2405 641 2485 plano
662 2400 720 2466 sits
740 2401 774 2467 vi
791 2399 930 2465 fluminis
947 2398 1183 2464 differebantur.

247 2517 390 2581 Potuisse
412 2529 486 2580 tunc
512 2517 650 2599 opprimi
672 2516 813 2597 legiones
841 2527 872 2578 et
893 2514 1029 2578 voluisse
1052 2511 1182 2575 Germa-
1196 2518 1266 2581 om

163 2649 222 2693 nos
229 2675 240 2711 ,
260 2628 316 2695 sed
337 2629 412 2694 dolo
434 2653 453 2694 a
473 2651 507 2693 se
526 2629 627 2692 flexos
652 2627 821 2712 imputavit
842 2627 959 2691 Civilis.
1002 2647 1106 2711 neque
1127 2626 1184 2687 ab·
1235 2700 1238 2710 ι

163 2751 273 2814 horret
289 2765 384 2826 vero,
405 2745 532 2830 quando
550 2746 658 2829 paucis
678 2755 752 2827 post
772 2743 883 2807 diebus
905 2741 1022 2806 deditio
1043 2741 1184 2804 insecuta

165 2876 221 2928 est.
261 2862 344 2927 Nsm
367 2859 497 2924 Cerialis
521 2883 581 2943 per
602 2862 741 2922 occultos
762 2859 890 2922 nuntios
918 2856 1043 2920 Batsvis
1064 2843 1184 2938 pacem,

165 2980 259 3046 Ciuili
283 2978 409 3046 veniam
430 2963 589 3042 ostentans
609 2973 764 3039 Veledam
789 2973 1050 3057 propinquosque
1074 2992 1186 3036 mone·

165 3096 235 3173 bat,
265 3095 426 3157 fortunam
452 3092 528 3155 belli
558 3103 606 3156 tot
638 3091 779 3155 cladibus
810 3088 973 3154 adversam
1004 3100 1183 3170 opportuno

166 3229 238 3291 erga
258 3211 414 3292 populum
433 3223 601 3271 romanum
620 3207 733 3269 merito
755 3217 890 3267 mutare.
939 3223 1043 3267 caesos
1068 3202 1185 3265 Treve-

165 3344 238 3402 ros,
267 3334 409 3405 receptos
428 3320 547 3398 Ubios,
579 3334 717 3403 ereptam
744 3319 872 3384 Batavis
900 3317 1051 3400 patriam,
1081 3339 1185 3402 neque

167 3434 254 3501 aliud
287 3434 394 3500 Civilis
426 3433 559 3497 amicitia
594 3445 739 3515 paratum
776 3454 871 3517 quam
903 3432 1052 3510 vulnera,
1087 3431 1187 3511 fugas,

119 3551 123 3558 “
168 3551 282 3613 luctus.
324 3548 465 3611 exsulem
490 3567 562 3608 eum
589 3558 620 3607 et
648 3559 807 3609 extorrem
828 3545 1052 3627 recipientibus
1078 3546 1185 3610 oneri:

170 3677 201 3728 et
229 3664 302 3728 satis
330 3663 507 3746 peccavisse
536 3658 623 3745 quod
650 3660 764 3723 totiens
794 3661 941 3723 Rhenum
970 3658 1187 3723 transscende-

169 3778 245 3844 rint.
286 3778 312 3840 si
333 3774 411 3859 quid
431 3776 514 3838 ultra
532 3775 719 3855 moliantur,
739 3772 813 3837 inde
834 3775 981 3854 injuriam
1004 3786 1035 3838 et
1056 3776 1188 3859 culpam,

151 3894 244 3957 ¹hinc
264 3892 417 3955 ultionem
439 3902 471 3952 et
492 3888 568 3952 deos
588 3890 668 3952 iore.

207 4030 218 4044 “
258 4009 472 4072 Miscebantur
502 4005 594 4069 minis
626 4006 788 4088 promissa.
833 4017 863 4067 et
895 4024 1044 4068 concussu
1072 4004 1189 4068 Trans·
1202 4014 1272 4090 turo
