2950 4775
316 314 359 382 ut
657 310 719 382 EX
742 308 998 394 ΑΝΝΑΙᾸΒΙΙΕΙ

318 501 472 556 assumtus
507 488 540 549 in
579 487 758 554 societatem
791 486 981 564 Germanos,
1018 482 1129 548 dubias
1162 481 1348 566 pranias,

318 617 445 684 ¹cuncta,
467 603 730 679 nuncianae,
752 602 788 665 iu
812 604 912 680 majus
934 598 1061 665 credita.

232 727 283 791 4,5
404 713 447 801 (a.
463 711 521 803 23)
544 714 600 779 sed
620 715 827 799 praecipuum
845 716 947 781 robur
962 714 1113 778 Rhenum
1133 706 1235 792 iuxta,
1258 729 1349 774 com-

320 852 416 894 mune
436 830 471 894 in
496 829 671 914 Germanus
694 828 866 915 Gallosque
888 825 1080 908 subsidium,
1109 837 1180 891 octo
1203 824 1350 906 legiones

321 958 420 1010 erant.

235 1082 261 1143 4,
272 1078 305 1128 44
405 1059 448 1143 (a.
470 1056 528 1144 25)
559 1056 675 1126 Obiere
698 1080 737 1123 eo
767 1077 851 1121 anno
880 1057 941 1124 riri
967 1055 1091 1122 nobiles
1112 1054 1236 1119 Gnaeus
1257 1054 1348 1118 Len-

321 1181 405 1242 tulus
436 1189 466 1240 et
494 1176 612 1240 Lucius
640 1176 800 1242 Domitius
830 1219 840 1240 .
866 1218 875 1239 .
903 1218 913 1237 .
939 1219 950 1238 .
976 1171 1152 1237 Domitium
1182 1169 1348 1234 decorarit

321 1305 411 1375 pater
431 1292 516 1356 civili
536 1292 619 1356 bello
640 1292 736 1360 maris
759 1302 890 1376 potens,
914 1287 1016 1355 donec
1036 1290 1167 1358 Antonii
1190 1286 1346 1370 partibus,

322 1429 399 1473 mox
429 1406 561 1474 caesaris
581 1405 766 1484 mscsrmur
794 1449 803 1469 .
828 1449 837 1467 .
860 1447 869 1468 .
896 1415 968 1490 post
988 1402 1129 1466 exercitu
1147 1400 1268 1464 flumen
1288 1399 1348 1462 At-

323 1519 389 1584 bim
403 1520 606 1602 transcendit,
623 1522 749 1602 longius
767 1532 931 1606 penetrata
948 1519 1128 1597 Germania,
1148 1537 1244 1600 qnam
1259 1515 1348 1597 quis-

324 1656 419 1720 quam
431 1622 586 1718 priorum,
601 1653 716 1720 easque
725 1635 825 1704 ubres
835 1630 971 1715 iusignia
981 1631 1135 1714 triumphi
1144 1628 1275 1712 adeptus
1289 1641 1350 1692 est.

241 1772 309 1833 ner
408 1747 450 1832 (a.
471 1744 531 1833 26)
553 1793 617 1814 ...
639 1749 820 1832 receptique
836 1745 977 1811 subsidio
995 1748 1179 1826 sugambraa
1199 1741 1350 1820 cohortis,

326 1883 421 1947 quam
432 1863 596 1927 Romanus
607 1876 788 1948 promptam
802 1861 842 1928 ad
853 1864 994 1947 potietur
1006 1882 1064 1926 nec
1077 1860 1182 1936 minus
1197 1868 1349 1921 cantuum

327 1988 359 2039 et
378 1996 539 2042 armorum
560 1978 698 2042 tumultu
717 1989 838 2054 trucem
860 1974 946 2052 baud
966 1975 1079 2059 procul
1098 1974 1302 2036 instruxerat.

241 2108 312 2173 nst
410 2085 454 2174 (a.
473 2087 530 2176 28)
549 2090 672 2158 Eodem
691 2111 778 2155 anno
801 2089 912 2176 Frisii,
931 2090 1179 2156 transrhenanus
1199 2084 1350 2168 populus,

329 2226 435 2286 pacem
455 2228 572 2271 exuere
595 2218 709 2274 nostra
725 2206 824 2287 magis
847 2206 978 2274 avaritia
1003 2226 1101 2289 quam
1121 2202 1268 2285 obsequii
1288 2200 1351 2263 im·

326 2317 490 2400 patientes.
529 2321 700 2391 Tributum
727 2322 767 2386 iis
794 2324 921 2391 Drusus
946 2326 1081 2401 jusserat
1100 2317 1262 2384 modicum
1288 2336 1349 2400 pro

326 2437 468 2517 angustia
486 2459 603 2518 rerum,
623 2452 659 2505 ut
679 2440 714 2505 in
736 2460 813 2515 usus
832 2439 982 2505 militares
1003 2436 1089 2525 coria
1109 2439 1208 2509 buum
1228 2429 1351 2515 pende·

325 2563 407 2632 rent,
430 2571 497 2616 non
516 2553 638 2617 intenta
658 2557 844 2636 cujusquam
865 2573 951 2631 cura,
974 2572 1056 2635 quan
1073 2546 1243 2627 firmitudo,
1266 2564 1349 2630 qliae

326 2683 483 2746 mensura,
505 2662 605 2729 donec
621 2661 777 2731 Olennius
798 2688 816 2729 e
835 2665 1092 2748 primipilaribus,
1114 2660 1261 2744 regendis
1278 2658 1351 2724 Fri-

327 2777 381 2842 siis
400 2780 575 2863 inpositus,
594 2793 682 2867 tprga
698 2802 832 2845 urorum
852 2780 973 2863 delegit,
995 2756 1133 2865 quorum
1153 2777 1193 2843 ad
1215 2780 1351 2841 formam

328 2891 553 2976 acciperentur.
595 2893 629 2957 id
650 2895 720 2959 aliis
742 2916 869 2979 quoque
896 2895 1079 2967 nationibus
1106 2892 1241 2961 arduum
1264 2888 1352 2973 apud

329 3007 505 3074 Germanos
525 3008 683 3079 ditncnius
704 3014 916 3089 tolerabatur,
935 3012 1017 3093 ,quis
1040 3008 1215 3090 ingentium
1240 3009 1352 3071 belua·

220 3187 226 3196 ,
328 3140 401 3184 runi
428 3123 548 3187 feraces
576 3125 689 3204 saltus,
726 3123 849 3188 modica
883 3121 969 3187 domi
999 3136 1141 3186 armenta
1173 3133 1256 3185 sunt.
1304 3121 1352 3183 Ac

328 3236 432 3317 primo
453 3239 552 3304 bores
573 3240 676 3322 ips-os,
703 3262 781 3305 mox
802 3258 911 3320 apos,
938 3250 1099 3321 postremo
1121 3218 1256 3318 corpora
1275 3253 1353 3297 con·

327 3354 437 3432 jugum
466 3364 520 3415 aut
548 3353 722 3417 liberorum
755 3352 884 3418 servitio
913 3349 1089 3415 tradebant.
1137 3351 1211 3412 hinc
1241 3347 1290 3410 ira
1319 3357 1354 3410 et

329 3475 477 3547 quesbus,
508 3476 540 3528 et
566 3478 736 3551 postquam
764 3485 832 3529 non
860 3466 1084 3544 subveniebat,
1114 3463 1289 3531 remedium
1309 3482 1351 3523 ex

330 3579 437 3645 bello:
467 3581 552 3663 rapti
573 3582 630 3667 qui
657 3580 776 3646 tributo
801 3578 932 3676 aderant
952 3580 1065 3647 milites
1087 3592 1118 3644 et
1138 3580 1286 3662 patibulo·
1305 3578 1355 3640 af-

330 3692 398 3758 nni.
441 3693 595 3762 Olennius
619 3697 760 3764 infensos
782 3699 856 3780 fuga
876 3695 1041 3780 praevenit
1054 3706 1205 3778 ‚receptus
1226 3693 1354 3755 castello

332 3809 383 3870 cui
403 3829 519 3874 nomen
540 3810 691 3876 bierunt
723 3823 754 3874 at
777 3807 863 3873 haud
883 3806 1062 3893 spernenda
1081 3806 1145 3870 illic
1164 3805 1280 3871 civium
1300 3823 1355 3867 so·

333 3923 515 4007 circumque
539 3944 650 3989 manus
671 3924 765 3986 litora
789 3923 899 3986 oceani
918 3919 1127 4004 praesidebat.

249 4053 273 4114 4,
286 4056 318 4104 ta
419 4032 513 4111 Quod
542 4038 596 4098 ubi
618 4037 716 4099 Lucio
738 4040 882 4119 Apronio
904 4018 1063 4101 inferioris
1086 4032 1272 4098 Germaniae
1292 4050 1354 4112 pro
