2950 4775
485 398 549 467 EX
569 396 807 468 HISTORIIS
1116 400 1160 466 99

138 591 207 642 tore
237 575 356 658 primae
388 569 519 651 legionis
550 567 677 634 caedem
708 575 774 649 eius
805 570 984 637 maturavit.
1036 571 1159 635 Heren-
1265 628 1266 635 ,

139 695 227 756 nium
259 703 290 753 et
317 688 498 752 Numisium
524 690 641 768 legatos
672 687 785 750 viuciri
816 687 889 750 satis
919 686 1033 751 risum
1086 682 1158 748 dein

138 805 269 887 sumptis
291 803 416 865 romani
435 801 560 884 imperii
580 798 755 881 insignibus
775 800 809 862 in
831 812 932 863 castra
952 800 1049 866 venit.
1090 797 1158 863 Nec

136 922 185 985 illi
206 938 387 1004 quanquam
411 914 450 977 ad
474 934 567 978 omne
587 916 708 978 facinus
730 913 844 977 durato
862 916 961 980 verba
979 917 1063 978 ultro
1082 938 1158 999 sup·

138 1026 317 1118 peditavere
347 1051 441 1114 quam
473 1041 510 1093 ut
545 1045 774 1094 sacramentum
802 1029 957 1094 recitaret.
1007 1031 1157 1095 Jurarere

139 1149 195 1232 qui
215 1145 345 1209 aderant
365 1164 426 1226 pro
446 1142 581 1224 imperio
604 1143 787 1207 Galliarum.
835 1145 1068 1207 interfectorem
1088 1140 1158 1207 Vo-

138 1266 227 1327 culae
249 1264 318 1324 altis
339 1257 529 1351 ordinibus,¹
551 1271 689 1339 ceteros,
717 1259 907 1344 utquisque
928 1258 1079 1340 flagitium
1101 1281 1157 1322 na-

138 1390 284 1455 taverat,
316 1375 463 1458 praemiis
485 1377 607 1439 attollit.
650 1375 779 1440 Divisae
804 1373 878 1437 inde
902 1373 984 1437 inter
1005 1373 1158 1437 Tutorem

139 1505 172 1555 et
201 1490 371 1554 Classicum
402 1510 506 1553 curae.
558 1490 661 1552 Tutor
689 1488 795 1554 salida
823 1511 921 1554 mauu
951 1488 1158 1554 circumdatos

137 1606 381 1690 Agrippinenses
417 1618 632 1688 quantumque
668 1605 803 1673 militum
840 1602 926 1687 apud
962 1605 1158 1687 superiorem

137 1721 244 1784 Rheni
268 1722 370 1802 ripam
398 1720 430 1782 in
456 1720 565 1784 eadem
593 1724 691 1786 verba
716 1719 813 1802 adigit
835 1719 944 1785 occisis
967 1719 1158 1801 Mogontiaci

137 1837 292 1914 tribunis,
316 1839 409 1920 pulso
431 1850 603 1901 castrorum
623 1837 801 1920 praefecto,
823 1836 880 1921 qui
901 1835 1159 1901 detrectaverant.

138 1949 293 2014 Classicus
316 1950 586 2033 corruptissImum
612 1970 769 2033 quemque
790 1972 807 2012 e
829 1947 942 2012 deditis
962 1969 1093 2032 pergere
1117 1947 1157 2010 ad

40 2106 42 2110 »
138 2066 284 2128 obsessos
304 2067 402 2143 jubet,
424 2065 551 2129 veniam
572 2055 772 2139 ostentantes,
799 2063 826 2125 si
847 2065 1025 2145 praesentia
1046 2085 1158 2147 seque·

138 2190 270 2241 rentur:
301 2177 392 2239 aliter
411 2175 492 2239 nihil
513 2174 596 2258 spei,
622 2176 738 2238 famem
759 2177 942 2262 ferrumque
967 2190 999 2241 et
1020 2191 1158 2241 extrema

138 2311 298 2374 passuros.
343 2289 483 2369 adjecere
505 2292 561 2374 qui
581 2292 668 2354 missi
691 2304 781 2355 erant
804 2295 983 2374 exemplum
1004 2313 1107 2356 suum.

226 2404 378 2471 Obsessos
407 2408 481 2470 hinc
509 2406 604 2486 fides,
637 2407 712 2471 inde
741 2420 858 2489 egestas
886 2409 970 2471 inter
999 2405 1093 2474 decus
1122 2425 1157 2468 ac
1172 2422 1246 2489 gno

137 2520 291 2601 flagitium
321 2519 545 2584 distrahebant.
602 2522 818 2585 cunctantibus
850 2522 942 2585 solita
969 2522 1159 2603 insolitaque

140 2637 289 2698 alimenta
310 2631 633 2717 deerantabsumptis
653 2636 799 2713 jumentis
821 2635 974 2718 equisque
997 2647 1028 2697 et
1049 2633 1159 2696 ceteris

138 2748 326 2809 animalibus
354 2768 436 2829 quae
464 2748 599 2829 profana
628 2746 786 2830 foedaque
811 2747 844 2811 in
874 2767 965 2809 usum
994 2745 1159 2808 necessitas

137 2860 243 2923 vertit.
282 2858 416 2938 virgulta
441 2873 600 2940 postremo
630 2873 661 2921 et
688 2861 803 2944 stirpes
831 2873 862 2924 et
885 2861 1055 2924 internatas
1076 2861 1160 2923 saxis

138 2974 254 3034 herbas
282 2973 432 3036 vellentes
459 2972 655 3035 miseriarum
685 2974 915 3058 patientiaeque
938 2973 1159 3037 documentum

137 3089 248 3163 fuere,
284 3086 384 3150 donec
415 3089 568 3167 egregiam
596 3088 722 3151 laudem
752 3088 815 3152 fine
848 3090 935 3171 turpi
968 3089 1161 3150 macularent

137 3200 243 3264 missis
273 3198 312 3261 ad
343 3198 474 3263 Civilem
499 3202 606 3282 legatis
636 3202 730 3266 vitam
761 3214 897 3266 orantes.
946 3202 1059 3287 Neque
1088 3213 1161 3263 ante

136 3334 250 3397 preces
286 3312 437 3376 admissae
458 3334 569 3396 quam
604 3314 639 3375 in
674 3318 773 3379 verba
805 3315 979 3377 Galliarum
1008 3319 1161 3393 jurarent.

136 3442 208 3491 tum
236 3439 345 3510 pactus
375 3424 523 3508 praedam
546 3438 718 3488 castrorum
747 3426 799 3491 dat
821 3428 964 3492 custodes
989 3429 1045 3512 qui
1065 3449 1162 3510 pecu-

137 3541 244 3621 niam,
273 3542 415 3618 calones,
444 3540 581 3602 sarcinas
602 3553 794 3603 retentarent
821 3556 875 3604 aut
896 3543 952 3625 qui
972 3543 1058 3623 ipsos
1076 3543 1162 3603 leves
1225 3583 1232 3596 .

139 3659 293 3718 abeuntes
323 3665 604 3739 prosequerentur.
662 3650 713 3714 Ad
746 3655 901 3736 quintum.
925 3655 992 3717 fere
1024 3651 1162 3735 lapidem
1230 3655 1237 3665 '

139 3769 244 3831 coorti
268 3767 417 3831 Germani
445 3769 605 3832 incautum
630 3787 741 3847 agmen
763 3767 992 3848 aggrediuntur.
1039 3789 1163 3853 pugna·
1229 3766 1233 3771 ’

140 3885 283 3949 cissimus
310 3884 442 3968 quisque
467 3883 501 3943 in
530 3883 677 3963 vestigio,
707 3883 800 3945 multi
829 3886 967 3966 palantes
992 3890 1161 3952 occubere:

139 4001 238 4059 ceteri
259 4012 344 4060 retro
364 3998 399 4059 in
422 4010 522 4061 castra
549 3998 750 4079 perfugiunt,
781 4011 933 4084 querente
961 4022 1034 4064 sane
1063 4001 1162 4067 Civile

119 4096 174 4174 'et
195 4112 378 4194 increpante
401 4111 575 4174 Germanos
597 4124 750 4196 tanquam
769 4111 867 4178 fidem
894 4135 953 4196 per
981 4116 1079 4177 scelus
1108 4116 1164 4175 ab·

860 4228 908 4293 7*
