2950 4775
504 318 578 391 'EX
599 321 837 393 HISTORIIS
1137 322 1181 394 st

160 493 211 560 liis
233 491 407 578 Gallorum,
427 498 484 584 qui
503 501 607 582 primo
627 522 879 567 rem-romanam
899 500 991 567 enixe
1011 501 1177 580 juvabant:

160 634 236 678 mox
262 613 490 677 valescentibus
519 615 683 680 Germanis
704 618 874 702 pleraeque
901 616 1042 681 civitates
1065 613 1178 680 adver·

147 747 230 788 sum
251 747 310 789 nos
334 729 450 792 armari
471 749 526 812 spe
545 730 707 809 libertatis,
730 741 762 791 et
782 729 809 792 si
835 731 993 793 exuissent
1014 728 1176 794 servitium

159 839 316 922 cupidine
327 840 539 924 imperitandi.
577 841 735 905 Gliscebat
751 840 913 906 iracundia
928 842 1097 923 legionum,
1116 861 1174 902 nec

156 967 310 1018 terrorem
339 957 434 1020 unius
462 957 569 1020 militis
595 959 723 1023 vincula
748 957 938 1022 indiderant.
990 955 1068 1039 quin
1088 953 1173 1018 idem

154 1070 209 1132 ille
229 1075 379 1152 arguebat
398 1074 482 1135 ultro
503 1071 724 1136 conscientiam
745 1070 850 1150 ducis,
871 1083 1022 1155 tanquam
1042 1067 1172 1130 nuntius

154 1184 238 1248 inter
265 1185 396 1250 Cisilem
423 1180 633 1271 Flaccumque
663 1187 743 1250 falso
765 1185 894 1248 crimine
919 1185 1004 1248 testis
1023 1182 1093 1248 veri
1113 1202 1173 1263 op·

152 1301 354 1384 primeretur.
398 1301 586 1368 Conscendit
610 1303 750 1367 tribunal
773 1302 896 1366 Vocula
921 1301 1001 1363 mira
1026 1309 1171 1363 constan·

154 1416 199 1477 tia
222 1408 475 1501 prehensumque
501 1417 631 1482 militem
653 1439 689 1482 ac
710 1417 936 1482 vociferantem
957 1413 1030 1477 duci
1052 1410 1172 1496 suppli·

152 1532 236 1596 cium
256 1533 356 1610 jussit.
399 1547 431 1598 et
450 1533 527 1598 dum
548 1524 623 1598 moli
643 1547 771 1620 pavent,
792 1534 929 1618 optimus
951 1533 1084 1617 quisque
1105 1536 1170 1609 ius·

151 1645 194 1708 sis
218 1640 361 1728 paruere.
404 1648 488 1711 Exin
516 1640 670 1713 consensu
699 1646 811 1714 ducem
834 1646 989 1712 Voculam
1012 1645 1170 1727 poscenti-

150 1763 212 1824 bus
231 1761 361 1824 Flaccus
382 1782 535 1824 summam
553 1784 662 1827 rerum
682 1759 713 1825 ei
732 1758 884 1844 permisit.

237 1873 300 1937 Sed
322 1873 482 1939 discordes
503 1875 624 1939 animos
645 1875 745 1939 multa
766 1873 956 1952 efferebant,
985 1871 1094 1954 inopia
1114 1867 1169 1932 sti·
1183 1877 1208 1941 4,
1217 1879 1253 1930 26

148 1986 259 2070 pendii
279 1989 508 2074 frumentique,
541 2000 572 2057 et
597 1990 690 2054 simul
715 1987 870 2055 delectum
891 1988 1072 2071 tributaque
1094 1985 1169 2048 Gal·

146 2102 217 2164 liae
239 2115 456 2184 aspernantes,
488 2103 619 2166 Rhenus
647 2100 806 2186 incognita
834 2103 882 2165 illi
907 2100 999 2166 'coelo
1030 2100 1168 2164 siccitate

146 2216 209 2281 vix'
225 2217 353 2280 navium
373 2216 506 2298 patiens,
527 2216 587 2280 arti
607 2214 814 2297 commeatus,
830 2217 997 2302 dispositae
1018 2240 1077 2302 per
1098 2239 1169 2282 om·

146 2352 221 2395 nem
251 2331 353 2415 ripam
384 2331 551 2412 stationes,
585 2353 666 2420 quae
696 2332 871 2398 Germanos
900 2331 983 2397 tado
1015 2342 1166 2411 arcerent,

147 2443 320 2530 eademque
349 2445 389 2512 de
418 2468 511 2511 causa
538 2448 644 2509 minus
674 2445 800 2528 frugum
827 2461 859 2511 et
880 2450 987 2530 plures
1011 2447 1067 2530 qui
1089 2467 1165 2510 con-

144 2549 316 2623 sumerent.
370 2559 466 2643 Apud
494 2558 656 2642 imperitos
686 2558 824 2644 prodigii
851 2561 923 2622 loco
954 2558 1165 2640 accipiebatur

143 2672 212 2755 ipsa
234 2694 389 2757 aquarum
413 2667 565 2754 penuria,
595 2685 746 2756 tanquam
767 2694 826 2735 nos
849 2691 956 2735 amnes
984 2682 1165 2755 quoquest

143 2800 252 2851 vetera
281 2787 407 2871 imperii
436 2788 631 2850 munimenta
660 2788 851 2852 desererent.
906 2786 992 2870 quod
1019 2786 1054 2848 in
1084 2806 1162 2869 pace

143 2904 209 2965 fors
231 2924 285 2964 seu
311 2914 441 2981 natura,
470 2915 546 2965 tunc
567 2905 667 2965 iatum
691 2916 723 2967 et
743 2905 791 2967 ira
813 2902 864 2966 dei
883 2904 1066 2966 vocabatur.
1108 2903 1162 2964 ln·

141 3015 254 3095 gressis
275 3014 450 3081 Novesium
471 3028 560 3077 sexta
583 3014 713 3079 decuma
733 3017 816 3097 legio
845 3016 1054 3097 conjungitur.
1106 3014 1162 3078 ad-

141 3124 226 3188 ditus
246 3128 387 3190 Voculae
409 3128 442 3189 in
465 3141 587 3211 partem
608 3125 756 3191 curarum
782 3125 961 3192 Herennius
979 3123 1093 3192 'Gallus
1115 3131 1162 3191 Ie·
1225 3109 1228 3114 ‚

139 3251 247 3318 gatus3
280 3260 338 3301 nec
368 3241 436 3302 ansi
464 3238 505 3303 ad
532 3243 656 3303 hostem
684 3261 816 3324 pergere
842 3243 914 3306 loco
944 3243 995 3305 eui
1016 3240 1162 3306 Gelduba

138 3373 257 3413 nomen
280 3367 325 3416 est
347 3367 446 3416 castra
466 3354 580 3415 fecere.
622 3352 672 3418 Ibi
698 3352 848 3416 struenda
873 3353 958 3433 acie,
987 3352 1160 3419 muniendo

136 3468 348 3552 vallandoque
370 3481 401 3531 et
423 3471 531 3532 ceteris
545 3469 632 3540 ¹belli
654 3468 883 3533 meditamentis
901 3469 1034 3533 'militem
1054 3468 1161 3531 firma·

135 3587 224 3648 bant.
266 3597 365 3668 utque
383 3584 502 3667 praeda
520 3583 559 3648 ad
579 3584 726 3650 virtutem
748 3584 980 3664 accenderetur,
999 3585 1033 3648 in
1050 3584 1160 3670 proxi-

136 3717 206 3760 mos
229 3698 451 3778 Gugernorum
478 3719 574 3780 pagos
604 3700 660 3782 qui
687 3700 864 3764 societatem
895 3700 1004 3766 CivssIs
1034 3722 1159 3785 accepe-

135 3803 210 3873 rant
246 3809 359 3875 ductus
387 3813 529 3875 Voculae
566 3812 732 3877 exercitus.
773 3833 861 3896 pars
894 3835 966 3876 cum
995 3813 1159 3878 Herennio

135 3923 229 3987 Gallo
252 3924 431 4006 permansit.
949 3927 950 3931 ’

222 4038 316 4101 Forte
340 4060 451 4102 navem
473 4036 558 4101 haud
582 4039 694 4121 procul
717 4039 825 4103 castrIs
844 4041 1003 4104 frumento
1023 4060 1157 4122 gravem,
1173 4058 1242 4122 4‚2t
