2950 4775
329 407 373 476 82
677 405 738 472 EX
762 405 995 475 HISTORIIS

329 583 421 663 longe
444 588 566 658 agentes
592 576 706 659 raptim
727 577 915 658 transmisit,
945 564 1049 643 addita
1071 579 1264 644 Batavorum
1292 583 1357 660 ala,

331 713 412 779 quas
432 698 500 772 jam·
517 689 641 774 pridem
662 705 811 776 corrupta
831 692 923 759 fidem
946 695 1130 778 simulabat,
1162 709 1198 760 ut
1216 697 1355 781 proditis

329 809 363 872 in
392 809 462 892 ipsa
494 810 559 872 acie
592 809 743 872 Romanis
774 815 893 890 majore
922 812 1026 893 pretio
1055 813 1187 893 fugeret.
1241 812 1354 879 Civilis
1458 834 1459 847 ¹

331 937 493 1008 captorum
523 925 700 989 cohortium
728 925 824 1006 signis
854 925 1078 1006 circumdatus,
1108 941 1144 991 ut
1171 948 1230 990 suo
1257 929 1355 992 militi

329 1058 438 1101 recens
459 1039 558 1120 deria
581 1052 652 1103 ante
674 1041 784 1103 oculos
812 1052 844 1102 et
867 1041 974 1103 hostes
995 1043 1145 1106 memoria
1167 1040 1264 1107 cladis
1284 1055 1353 1108 ter·

327 1166 483 1246 repertur,
506 1166 639 1218 matrem
664 1174 754 1217 suam
776 1174 974 1240 sororesque,
997 1157 1090 1220 simul
1110 1159 1253 1222 omnium
1273 1179 1353 1222 con·
1458 1154 1459 1179 ¹

327 1276 413 1354 juges
433 1290 612 1356 parvosque
632 1273 750 1336 liberos
772 1273 939 1339 consistere
960 1295 980 1336 a
1005 1287 1091 1356 tergo
1114 1277 1219 1353 iubet,
1240 1275 1351 1338 horta·
1458 1306 1459 1353 3

303 1400 305 1407 '
327 1402 432 1455 menta
453 1385 600 1454 victoriae
620 1387 671 1450 vel
691 1386 791 1468 pulsis
811 1385 977 1469 pudorem.
1017 1387 1062 1450 Ut
1083 1388 1225 1453 virorum
1245 1400 1352 1463 cantu,
1458 1428 1459 1445 ἶ

327 1507 516 1571 feminarum
534 1501 657 1563 ululatu
678 1501 787 1563 sonuit
802 1502 893 1580 acies,
915 1522 1114 1588 nequaquam
1135 1523 1195 1585 par
1214 1524 1233 1563 a
1250 1501 1350 1582 legio·

328 1619 422 1681 nibus
452 1614 698 1699 cohortibusque
728 1611 872 1697 redditur
898 1615 1026 1680 clamor.
1069 1614 1243 1682 nudaverat
1270 1617 1351 1680 sini·
1458 1632 1459 1701 j

327 1744 434 1795 strum
452 1749 552 1792 cornu
583 1727 778 1792 Batavorum
803 1731 854 1793 ala
882 1732 1091 1812 transfugiens
1118 1733 1284 1816 statimque
1311 1733 1347 1795 in
1458 1706 1459 1719 ἵ

327 1868 386 1911 nos
407 1866 509 1912 versa.
551 1840 615 1908 Sed
637 1841 829 1927 legionarius
849 1847 939 1910 miles
964 1869 1147 1933 quanquam
1166 1852 1262 1913 rebus
1283 1863 1348 1913 tra·

326 1962 408 2047 pidis
425 1983 512 2024 arma
530 1958 719 2045 ordinesque
738 1960 905 2026 retinebat.
947 1962 1104 2030 Ubiorum
1117 1967 1347 2031 Treverorum·

328 2097 391 2167 qne
419 2075 535 2137 auxilia
560 2071 655 2136 foeda
682 2073 757 2152 fuga
784 2071 926 2156 dispersa
953 2077 1026 2147 totis
1052 2077 1168 2162 campis
1187 2080 1348 2162 palantur.

326 2196 401 2257 illuc
429 2190 602 2253 incubuere
629 2184 797 2255 Germani:
828 2203 859 2252 et
887 2190 948 2254 fuit
974 2192 1101 2255 interim
1129 2193 1281 2273 effugium
1301 2194 1349 2254 le·

328 2302 530 2388 gionibus'in
554 2313 654 2364 castra
681 2301 797 2388 quibus
825 2303 978 2372 Veterum
1004 2325 1119 2369 nomen
1149 2317 1205 2369 est.
1254 2325 1347 2388 prae·

328 2422 428 2482 fectus
451 2418 518 2480 alae
538 2416 730 2480 Batavorum
752 2414 907 2499 ‘Claudius
933 2418 1060 2497 Labeo,
1089 2418 1249 2502 oppidano
1267 2439 1347 2488 ω.
1457 2429 1458 2440 ’

326 2533 442 2596 tamine
475 2528 617 2594 aemulus
647 2526 758 2608 Civili,
791 2550 831 2592 ns
862 2530 1042 2595 interfectus
1076 2532 1227 2599 invidiam
1257 2532 1347 2616 apud
1457 2547 1458 2626 ]

326 2648 496 2733 populares
525 2647 576 2710 vel
601 2646 628 2711 si
650 2644 840 2710 retineretur
867 2648 986 2711 semina
1012 2646 1184 2715 discordiae
1212 2651 1347 2731 praebe-

326 2775 393 2840 ret,
413 2762 448 2823 in
468 2759 587 2824 Frisios
608 2761 763 2825 avehitur.

244 2880 313 2944 4,19
412 2876 513 2941 Isdem
537 2873 646 2939 diebus
669 2878 862 2944 Batavorum
891 2889 922 2942 et
949 2877 1203 2944 Canninefatium
1231 2884 1347 2946 cohor·

327 3005 391 3070 tes,
418 3012 517 3074 quum
536 2996 625 3069 jussu
645 2991 767 3053 Vitellii
790 2992 824 3054 in
846 2992 957 3052 urbem
979 3007 1160 3074 pergerent,
1189 2997 1302 3059 missus
1326 3020 1347 3059 a

328 3105 428 3171 Civile
456 3106 586 3169 nuntius
614 3106 800 3189 assequitur.
849 3105 1028 3170 intumuere
1060 3109 1165 3172 statim
1196 3110 1348 3190 superbia

326 3221 527 3306 ferociaque,
555 3233 586 3283 et
611 3222 748 3303 pretium
776 3222 897 3285 itineris
921 3221 1120 3304 donativum‘,
1149 3222 1269 3306 duplex
1292 3225 1347 3289 sti·

326 3333 493 3418 pendium,
520 3337 637 3416 augeri
658 3338 799 3419 equitum
827 3356 1012 3417 numerum,
1040 3338 1195 3420 promissa
1223 3358 1299 3401 sane
1327 3361 1348 3401 a

326 3450 465 3527 Vitellio,
493 3450 707 3531 postulabant,
724 3470 790 3512 non
811 3461 847 3512 ut
868 3463 1119 3533 assequerentur,
1142 3451 1198 3515 sed
1218 3473 1347 3518 musam
1456 3529 1457 3536 ἵ

326 3560 481 3628 seditioni
522 3561 563 3623 Et
583 3561 712 3625 Flaccus
733 3563 833 3626 multa
857 3560 1058 3626 concedendo
1084 3563 1165 3628 nihil
1192 3562 1278 3628 aliud
1298 3565 1349 3626 ef·
1456 3551 1457 3580 ³

324 3677 443 3740 fecerat
466 3693 560 3760 quam
583 3688 619 3739 ut
638 3678 740 3739 acrius
761 3689 966 3757 exposcerent
987 3697 1068 3759 quae
1089 3677 1230 3739 sciebant
1249 3699 1348 3759 nega-

324 3804 442 3854 turum.
492 3801 598 3871 spreto
623 3789 736 3852 Flacco
765 3789 949 3852 inferiorem
977 3790 1176 3854 Germaniam
1205 3792 1348 3874 petivere

324 3917 360 3968 ot
395 3902 487 3968 civfli
521 3908 735 3982 jungerentur.
787 3900 990 3967 Hordeonius
1025 3902 1173 3967 adhibitis
1207 3905 1347 3968 tribunis

326 4009 626 4099 centurionibusque
656 4017 859 4094 consultavit,
887 4036 965 4078 num
993 4018 1180 4101 obsequium
1202 4019 1349 4082 abnuen-

325 4108 372 4199 tes
401 4136 433 4200 vi
461 4144 626 4196 coerceret.
668 4133 748 4199 Mox
773 4132 867 4197 insita
894 4132 1018 4214 ignauia
1046 4147 1078 4197 et
1098 4134 1229 4217 trepidis
1249 4134 1348 4198 mint·
