2950 4775
303 355 348 424 et
644 348 708 418 EX
728 346 983 419 tttNtntttus

304 527 435 594 hostiles
462 525 497 590 in
527 523 612 609 ipsos
642 523 829 591 vertebant„
873 519 937 586 Sed
970 519 1077 586 cititss
1106 517 1264 589 Ubiorum
1282 520 1329 603 *),

305 645 391 708 socia
421 639 530 717 nobis,
565 639 648 703 melo
678 637 853 722 impreviso
884 635 998 702 afflicta
1029 648 1086 701 est.
1135 658 1210 701 nam
1238 638 1330 720 ignee

305 769 390 820 terra
409 752 485 818 editi
504 753 612 832 vittas,
640 773 733 832 arsa,
764 750 850 819 risos
872 751 989 833 passim
1012 750 1224 834 corripiebant
1244 754 1331 816 fere-

306 873 485 952 banturque
508 867 543 930 in
562 868 632 950 ipsa
649 863 792 929 conditae
812 883 917 946 nuper
936 862 1077 928 coloniae
1094 865 1229 929 moenia.
1270 887 1331 929 ne·

308 1004 371 1068 que
393 980 550 1062 exstingui
568 990 727 1063 poterant,
753 997 819 1041 nen
840 978 868 1040 si
887 975 1005 1041 imbres
1026 974 1190 1058 caderent,
1211 1001 1278 1045 non
1299 978 1330 1042 si

307 1096 487 1162 fluvialibus
517 1094 607 1178 aquis
638 1106 693 1156 aut
721 1112 787 1178 qun
815 1093 878 1156 alio
906 1092 1058 1171 humore,
1090 1090 1191 1157 donec
1217 1093 1331 1175 inopia

308 1207 441 1275 remedii
460 1222 493 1272 et
512 1209 562 1272 ira
587 1207 693 1283 cladis
710 1221 845 1290 agrestes
866 1205 1008 1298 'quidam
1031 1207 1151 1278 eminus
1179 1229 1255 1273 sexa
1281 1214 1333 1290 ja-

310 1344 399 1402 cere,
430 1319 504 1384 dein
531 1312 742 1384 residentibus
768 1318 902 1385 flammis
922 1318 1054 1404 propius
1080 1322 1234 1403 suggressi
1262 1321 1331 1385 ictu

310 1437 440 1502 fustium
460 1436 591 1519 aliisque
611 1435 815 1513 uerberibus,
835 1446 872 1496 ut
892 1434 993 1512 feras,
1014 1436 1245 1507 absterrebant:
1268 1456 1333 1519 pe·

311 1567 427 1620 stremo
455 1552 591 1634 tegmine
609 1534 747 1633 'corpori
773 1546 902 1634 derepta
922 1550 1067 1630 injiciunt
1092 1554 1334 1637 quantomagis

310 1670 446 1753 protana
466 1679 499 1730 et
519 1687 580 1731 usu
599 1667 736 1749 polluta,
756 1676 844 1729 tante
863 1666 960 1750 magis
974 1686 1171 1752 ,oppressura
1188 1667 1287 1750 ignes.

212 1791 300 1857 12⁶⁰
396 1780 442 1867 (a.
462 1777 518 1865 65)
551 1776 638 1856 Quin
669 1790 701 1841 et
732 1782 847 1844 urbem
874 1801 934 1861 per
963 1783 1142 1867 manipulos
1167 1781 1334 1868 ‘occupetis

312 1894 496 1973 moenibus,
523 1894 644 1958 insesso
673 1893 768 1959 stiam
795 1893 877 1959 mari
904 1908 1045 1967 et'smne
1065 1896 1207 1965 velutin
1228 1912 1335 1963 eusto-

313 2011 399 2079 stiam
415 2010 514 2076 dedit.
561 2010 798 2095 volitabantque
818 2015 991 2096 psr.fera‚*
1011 2035 1071 2099 per
1096 2013 1226 2097 demas,
1255 2036 1337 2080 rura
1461 2092 1462 2103 χ

315 2134 511 2210 quoquest
539 2123 688 2207 proxima
717 2122 964 2208 municipiorum
994 2128 1131 2211 pedites*
1149 2130 1336 2215 equitesque
1461 2176 1462 2199 t

312 2239 463 2327 permixti
477 2237 665 2323 Germanis,
694 2239 812 2327 quibus
840 2238 958 2308 fidebat
984 2242 1130 2329 princeps
1159 2243 1249 2330 quasi
1277 2263 1339 2308 ex·
1461 2210 1462 2239 i

313 2354 424 2422 ternis.

368 2587 396 2657 ⁸)
412 2586 489 2643 codd.
506 2587 651 2653 Vibenunt,
679 2587 824 2655 laborum,
847 2584 990 2655 Intrarunt,
1006 2585 1157 2655 lubiorum
1188 2587 1258 2645 sont.
1274 2603 1338 2645 san.

318 2690 346 2753 1,
363 2690 408 2741 et.
425 2689 472 2742 rt.
496 2689 542 2752 12,
558 2689 596 2741 Ἠ
619 2685 716 2753 edique
732 2685 827 2740 Jteebi
843 2684 1006 2755 Niggerethi
1031 2685 1125 2741 librum
1146 2685 1203 2741 ‘das
1226 2688 1339 2757 gebitge

316 2786 344 2839 in
356 2784 669 2855 Rheinlandwestphateu’
685 2786 764 2840 Beun
780 2789 860 2841 1024.
882 2791 909 2853 e,
926 2790 1052 2841 te-ne
1075 2788 1141 2842 istos
1157 2788 1232 2857 ignes
1248 2804 1339 2859 neque

316 2884 462 2951 sulcantes,
488 2899 573 2952 neque
595 2881 718 2938 incendis
743 2882 914 2954 subterraneo
932 2884 1032 2955 editos,
1060 2885 1108 2942 sed
1127 2886 1220 2957 quibus
1243 2892 1341 2956 tesqua

317 2982 434 3038 conburi
451 2984 537 3039 setent
553 2982 635 3039 tuisse
657 2980 827 3054 perhibentis.
901 3063 905 3070 ¹
