2950 4775
521 404 754 475 cnuuaun
779 374 781 378 ’
1103 405 1144 470 21

129 590 206 642 tuna
225 576 435 643 Semnonum:
458 588 584 642 centum
602 581 675 663 pagi
694 579 732 643 iis
755 579 950 660 habitantum
970 597 1145 661 magnoque

130 712 263 777 corpore
285 693 434 772 efficitur,
454 707 490 757 ut
511 715 544 756 se
569 693 747 757 Suanorum
768 706 861 777 eaput
884 692 1021 756 credant.

215 806 334 870 Contra
354 805 579 887 Langobardos
600 807 740 888 paucitas
760 808 922 887 nobilitat3
943 807 1088 889 plurimis
1111 825 1145 866 ac
1157 817 1193 866 4ο

128 921 344 984 valentissimis
369 921 548 985 nationibus
571 922 663 984 cincti
684 945 750 987 non
773 944 831 1005 per
852 923 1057 1004 obsequium,
1090 918 1146 982 sed

127 1034 256 1115 proeliis
285 1046 315 1096 et
342 1034 547 1116 periclitando
577 1034 637 1096 tuti
665 1048 747 1099 sunt.
794 1035 950 1117 Reudigni
975 1032 1086 1095 deinde
1116 1043 1145 1091 et

127 1147 266 1212 Aviones
297 1163 328 1211 et
354 1147 460 1232 Anglii
488 1161 520 1211 et
547 1148 661 1211 Varini
685 1161 715 1209 et
736 1145 877 1211 Eudoses
906 1161 936 1210 et
967 1144 1145 1208 Suardones

129 1272 161 1324 et
174 1262 328 1325 Vithones
345 1259 528 1324 fluminibus
550 1272 605 1323 aut
625 1260 710 1326 silvis
731 1262 926 1324 muniuntur.
969 1261 1036 1322 Nec
1054 1255 1145 1342 quid·

130 1397 225 1459 quam
247 1377 384 1440 notabile
404 1378 438 1438 in
458 1376 603 1458 singulis,
633 1377 694 1440 nisi
715 1377 800 1460 quod
821 1381 855 1440 in
878 1385 1042 1441 commune
1064 1374 1145 1438 Ner·

128 1492 228 1571 thum,
248 1491 280 1555 id
302 1505 348 1554 est
364 1492 495 1555 Terram
515 1505 646 1555 matrem
668 1494 784 1571 colunt,
804 1513 935 1576 eamque
955 1489 1144 1553 intervenire

128 1605 222 1666 rebus
244 1603 425 1682 bominum,
446 1604 555 1668 invehi
575 1604 701 1687 populis
723 1607 925 1668 arbitrantur.
965 1605 1020 1666 Est
1039 1604 1073 1664 in
1097 1602 1145 1661 in·

129 1716 197 1779 sula
221 1718 331 1781 oceani
353 1730 470 1781 castum
497 1740 608 1782 nemus
629 1718 827 1803 dicatumque
849 1720 883 1782 in
910 1740 947 1783 eo
968 1717 1147 1783 vehiculum

129 1844 213 1897 veste
235 1844 425 1898 contectum:
454 1834 603 1914 attingere
628 1835 684 1897 uni
706 1834 861 1900 sacerdoti
882 1855 1072 1899 concessum.
1115 1833 1145 1895 Is

129 1942 236 2010 adesse
260 1948 415 2029 penetrali
438 1946 529 2011 deam
544 1950 697 2031 intelligit
723 1967 905 2037 vectamque
932 1955 1036 2016 bubus
1056 1949 1146 2011 femi·

129 2064 178 2125 nis
199 2067 298 2126 multa
317 2085 389 2127 cum
409 2066 609 2129 veneratione
630 2069 843 2149 prosequitur.
882 2067 958 2128 laeti
975 2078 1051 2127 tunc
1069 2061 1146 2141 dies,

128 2175 208 2238 festa
243 2178 335 2255 loca,
384 2197 591 2260 quaecunque
629 2179 766 2244 adventu
803 2181 1001 2264 hospitioque
1038 2178 1146 2258 digna·
1219 2217 1222 2222 «

127 2300 190 2352 tur.
244 2311 311 2354 non
341 2292 424 2354 bella
451 2293 577 2372 ineunt,
618 2316 681 2359 non
713 2316 797 2357 arma
828 2307 972 2370 sumunt,
1006 2295 1144 2356 clausum

128 2422 222 2465 omne
242 2404 373 2483 ferrum,
390 2427 455 2487 pax
477 2419 507 2470 et
529 2409 618 2491 quies
639 2422 714 2472 tunc
734 2422 854 2472 tantum
876 2423 960 2484 nota,
982 2422 1056 2471 tunc
1076 2418 1145 2467 tan-

127 2526 196 2579 tum
218 2531 335 2598 amata,
358 2517 456 2583 donec
476 2520 560 2585 idem
581 2523 725 2589 sacerdos
748 2526 887 2587 satiatam
909 2522 1144 2587 conversatione

128 2634 308 2696 mortalium
328 2630 418 2697 deam
437 2638 555 2718 templo
576 2635 697 2701 reddat.
738 2638 818 2701 Mox
840 2639 1015 2701 vehiculum
1037 2647 1069 2696 et
1091 2655 1145 2696 ve·

128 2759 204 2824 stes,
235 2758 267 2809 et
290 2747 317 2810 si
336 2746 461 2811 credere
490 2752 567 2816 velis
592 2772 709 2815 numen
733 2757 837 2835 ipsum
859 2767 976 2816 secreto
998 2755 1067 2813 lacu
1090 2752 1144 2811 ab·

127 2859 235 2921 luitur.
278 2862 360 2924 servi
380 2860 572 2941 ministrant,
594 2885 673 2947 quos
695 2848 798 2927 statini
819 2865 902 2927 idem
924 2866 1010 2926 lacus
1032 2860 1146 2947 haurit.

128 2997 260 3040 arcanus
283 2977 357 3040 hinc
380 2990 482 3042 terror
503 2991 672 3065 sanctaque
695 2982 887 3063 ignorantia,
910 2977 986 3064 quid
1009 2979 1047 3041 sit
1068 2974 1146 3039 illud

129 3087 216 3170 quod
236 3101 357 3152 tantum
374 3093 508 3173 perituri
529 3091 645 3156 vident.

214 3203 255 3264 Et
275 3205 353 3267 haec
374 3205 500 3288 quidem
521 3229 594 3290 pars
624 3209 799 3273 Suevorum
821 3207 855 3270 in
880 3209 1047 3271 secretiora
1068 3205 1147 3268 Ger·
1159 3225 1191 3276 tl

129 3315 251 3376 maniae
280 3317 460 3398 porrigitur.
511 3322 663 3401 Propior,
695 3334 729 3383 ut
759 3319 918 3404 quomodo
952 3321 1048 3401 paulo
1077 3330 1147 3380 ante

128 3429 277 3493 Rhenum
312 3435 355 3495 sic
392 3454 476 3497 nunc
510 3437 695 3498 Danubium
730 3458 860 3520 sequar,
904 3435 1148 3498 Hermunduro-

129 3561 201 3603 rum
231 3544 356 3622 civitas,
387 3543 449 3607 fida
474 3548 640 3629 Romanis3
678 3570 780 3633 eoque
808 3553 883 3614 solis
919 3551 1149 3613 Germanorum

128 3677 193 3718 non
221 3656 256 3717 in
276 3659 347 3739 ripa
370 3663 604 3732 commertium,
635 3662 691 3726 sed
718 3667 844 3746 penitus
876 3678 968 3748 atque
989 3665 1021 3725 in
1046 3665 1149 3745 splen·

129 3768 287 3834 didissima
315 3773 444 3836 Raetiae
469 3777 650 3857 provinciae
680 3780 813 3843 colonia.
862 3758 980 3841 Passim
1007 3779 1074 3840 sine
1095 3799 1149 3839 cu·
1220 3754 1223 3761 ¹

130 3882 217 3946 stode
245 3897 426 3966 transeunt;
459 3901 489 3950 et
518 3910 616 3971 quum
639 3892 748 3952 ceteris
770 3892 912 3971 gentibus
944 3910 1030 3952 arma
1053 3888 1149 3952 modo

20 4059 25 4065 ,
131 4009 292 4081 castraque
314 4012 422 4064 nostra
445 4003 662 4082 ostendamus,
684 4008 733 4069 his
758 4005 865 4069 domos
889 4007 1040 4088 villasque
1062 4018 1149 4086 pate-

130 4110 260 4173 fecimus
291 4133 354 4177 non
387 4116 684 4198 concupiscentibus.
733 4121 770 4181 in
803 4118 1032 4182 Hermunduris
1060 4119 1148 4181 Albis
