2950 4775
466 391 529 460 EX
549 392 802 464 ANNALlBUS
1098 399 1142 467 29

126 567 269 633 clunibus
290 570 384 652 pacis,
404 589 502 653 quum
525 566 653 654 quidam
675 571 715 634 ad
741 569 961 638 Germanicum
986 570 1142 654 perfugis·

127 694 213 761 sent,
240 683 355 765 reliqui
376 683 495 746 omissis
516 684 603 765 pagis
624 683 763 767 vicisque
785 685 819 747 in
842 687 936 751 silvas
958 685 1143 769 dispergun-

126 806 190 857 tur.
232 794 346 858 Caesar
367 797 494 861 incenso
516 799 629 861 Mattio
652 797 699 878 (id
719 801 805 878 genti
826 802 933 882 caput)
955 815 1062 884 aperta
1083 822 1143 884 po·

125 912 252 993 pulatus
280 912 375 974 vertit
402 913 442 976 ad
470 915 633 994 Rhenum,
662 933 728 976 non
759 935 835 977 auso
864 917 953 977 hoste
979 928 1066 994 terga
1087 917 1142 977 ab·

126 1027 269 1090 euntium
289 1028 456 1107 lacessere,
478 1027 564 1112 quod
587 1030 634 1091 illi
654 1029 769 1108 moris,
790 1031 935 1114 quotiens
957 1043 1025 1092 astu
1046 1028 1144 1109 magis

127 1163 222 1225 quam
244 1163 303 1224 per
322 1142 523 1206 formidinem
545 1144 645 1208 cessit.
692 1146 810 1210 Fuerat
834 1147 955 1208 animus
977 1144 1143 1207 Cheruscis

125 1264 234 1336 juvare
256 1241 401 1322 Chattos:
435 1256 490 1321 sed
516 1260 669 1322 exterruit
690 1260 825 1323 Caecina
849 1262 912 1325 huc
937 1262 1011 1324 illuc
1037 1262 1143 1322 ferens

127 1392 224 1450 arma,
242 1383 273 1434 et
283 1371 406 1434 Marsos
420 1372 567 1453 congredi
580 1394 673 1437 ausos
690 1395 843 1457 prospero
858 1375 980 1458 proelio
994 1374 1143 1439 cohibuit.

209 1482 322 1566 Neque
342 1487 442 1548 multo
462 1497 535 1567 post
560 1484 652 1568 legati
676 1510 694 1549 a
723 1485 848 1567 Segeste
877 1501 1031 1554 venerunt
1051 1489 1142 1551 auxi·
1157 1495 1227 1561 nst

125 1598 203 1662 lium
224 1613 348 1662 orantes
369 1597 519 1663 adversus
540 1599 605 1663 vim
628 1599 848 1680 popularium,
879 1623 897 1663 a
920 1602 989 1684 quis
1011 1601 1143 1664 circum·

124 1711 309 1793 sedebatur,
329 1712 480 1777 validiore
503 1712 588 1795 apud
610 1735 663 1776 eos
685 1715 847 1796 Arminio,
877 1714 1004 1799 quando
1024 1718 1143 1779 bellum

125 1826 293 1893 suadebat:
315 1851 387 1901 uam
408 1831 567 1908 barbaris,
588 1844 706 1915 quanto
728 1832 799 1916 quis
820 1830 949 1895 audacia
969 1843 1143 1914 promptus,

124 1954 214 2006 tanto
233 1945 330 2024 magis
348 1944 428 2008 fidus
447 1948 605 2029 rebusque
625 1948 716 2009 motis
734 1948 841 2028 potior
858 1948 1003 2009 habetur.
1045 1941 1143 2006 Addi-

129 2059 218 2123 derat
239 2060 377 2142 Segestes
404 2063 512 2141 legatis
542 2062 641 2125 filium
663 2062 790 2125 nomine
813 2060 1055 2141 Segimundum:
1088 2055 1144 2119 sed

125 2175 248 2252 juvenis
267 2175 453 2237 conscientia
473 2178 686 2239 cunctabatur.
729 2176 846 2259 quippe
864 2196 957 2251 anno,
979 2194 1044 2257 quo
1064 2172 1144 2235 Ger·

125 2287 247 2349 maniae
270 2284 478 2371 descivere*)‚
499 2287 642 2352 sacerdos
664 2288 749 2370 apud
770 2310 855 2351 aram
876 2288 1033 2352 Ubiorum
1056 2307 1143 2349 crea·

124 2413 175 2464 tus
196 2416 324 2484 ruperat
350 2403 459 2481 vittas,
487 2406 640 2487 profugus
664 2405 704 2468 ad
727 2408 869 2469 rebelles.
918 2405 1070 2468 adductus
1095 2414 1143 2465 ta·

125 2536 198 2576 men
225 2517 259 2577 in
288 2539 374 2598 spem
401 2518 580 2580 clementiae
601 2539 750 2582 romanae
778 2518 907 2601 pertulit
926 2518 1024 2599 patris
1053 2535 1143 2576 man·

125 2629 213 2710 data,
245 2620 440 2715 benigneque
472 2646 620 2715 exceptus
649 2656 720 2697 cum
751 2631 908 2715 praesidio
936 2631 1077 2711 gallicam
1107 2630 1141 2690 in

123 2745 224 2827 ripam
250 2746 362 2809 missus
390 2757 447 2808 est.
490 2747 677 2810 Germanico
706 2747 843 2830 pretium
870 2746 931 2807 fuit
960 2755 1142 2809 convertere

124 2879 251 2939 agmen,
272 2871 508 2943 pugnatumque
528 2861 563 2921 in
585 2859 780 2936 obsidentes,
802 2872 834 2923 et
855 2871 980 2940 ereptus
1002 2855 1142 2937 Segestes

123 2993 235 3053 magna
260 2995 331 3034 cuns
355 2973 610 3056 propinquorum
633 2987 664 3036 et
685 2974 846 3036 clientium
865 2994 971 3036 mauu.
1014 2974 1143 3034 Inerant

125 3089 259 3151 feminae
291 3088 429 3165 nobiles,
459 3088 543 3150 inter
574 3110 652 3172 quas
687 3111 773 3152 uxor
802 3089 938 3151 Anninii
971 3086 1142 3169 eademque

123 3203 188 3267 filia
209 3203 357 3283 Segestis,
378 3202 482 3265 mariti
502 3204 598 3283 magis
620 3225 715 3287 quam
736 3203 877 3286 parentis
898 3203 1018 3278 animo,
1038 3218 1141 3282 neque

123 3320 205 3383 victa
225 3320 260 3379 in
279 3318 422 3382 lacrimae
448 3336 551 3399 neque
574 3337 651 3380 voce
673 3319 825 3400 supplex,
854 3315 1037 3397 compressis
1058 3313 1143 3374 intra

123 3432 227 3493 sinum
253 3431 397 3492 manibus
424 3429 588 3511 gravidum
614 3443 740 3492 uterum
765 3431 903 3492 intuens.
943 3427 1142 3490 Ferebantur

123 3556 155 3605 et
175 3543 275 3624 spolia
296 3545 444 3607 varianae
474 3542 569 3607 cladis
591 3536 750 3627 plerisque
776 3563 903 3623 eorum,
932 3543 989 3627 qui
1014 3553 1082 3604 tum
1108 3539 1143 3602 in

123 3652 313 3719 deditIouem
334 3656 519 3735 veniebant,
539 3655 685 3739 praedae·
698 3640 796 3720 data.

73 3755 77 3759 ¹
206 3767 308 3830 Simul
328 3767 470 3850 Segestes
490 3770 558 3850 ipse
586 3771 696 3850 ingens
720 3769 792 3832 visu
817 3779 847 3831 et
866 3766 1017 3829 memoria
1038 3768 1141 3829 bonae
1157 3790 1229 3866 με

122 3885 276 3950 societatis
292 3885 482 3968 impavidus.
521 3887 630 3950 Verba
652 3893 717 3966 ejus
736 3887 772 3948 in
792 3887 878 3948 hunc
896 3884 1025 3950 modum
1043 3885 1143 3947 luere.

127 4032 569 4049 W

178 4120 389 4190 &epam
