2950 4775
319 268 380 336 120
661 266 724 336 ΒΧ
746 265 980 336 HISTORIIS

314 474 531 535 rhenanorum
559 468 620 535 fide
648 471 731 533 inter
759 466 894 535 Batavos
924 491 1052 556 quoque
1080 490 1239 534 sermones
1266 470 1343 535 orti.

314 609 381 651 non
402 585 631 670 prorogandam
654 590 736 651 ultra
759 589 903 666 ruinam,
932 609 989 650 nec
1015 606 1107 668 posse
1136 587 1175 647 ab
1196 607 1262 649 una
1282 604 1343 646 na·

314 701 400 764 tione
433 704 528 765 totius
560 703 646 764 orbis
681 701 845 765 servitium
874 700 1000 783 depelli.
1055 699 1147 784 quid·
1162 699 1343 781 profectum

314 813 408 877 caede
430 828 462 877 et
480 813 632 877 incendiis
653 816 812 896 legionum
835 814 897 876 nisi
920 826 956 877 ut
976 815 1085 897 plures
1105 812 1340 895 validioresque

312 926 511 994 accirentur?
539 930 566 993 si
586 931 783 1013 Vespasiano
804 932 923 993 bellum
945 921 1148 1006 narraverint,
1168 927 1341 1010 Vespasia·

313 1064 391 1104 num
410 1063 518 1105 rerum
535 1043 650 1125 potiri:
672 1038 730 1104 sin¹
742 1038 902 1126 populum
913 1064 1080 1107 romanum
1098 1042 1193 1105 armis
1213 1053 1339 1115 vocent,

314 1172 442 1241 quotam
463 1171 583 1239 partem
606 1158 728 1238 generis
750 1158 881 1219 humani
903 1158 1039 1221 Batavos
1069 1152 1159 1219 esse?
1200 1155 1339 1235 respice·

312 1288 384 1336 rent
394 1276 509 1337 Raetos
522 1272 720 1356 Noricosque
735 1286 765 1335 et
780 1286 954 1334 ceterorum
968 1292 1065 1335 onera
1082 1270 1255 1333 sociorum:
1275 1268 1338 1330 sibi

312 1408 377 1449 nou
400 1388 516 1449 tributa
538 1383 593 1448 sed
617 1386 766 1448 virtutem
790 1398 821 1447 et
843 1386 929 1449 viros
950 1384 1054 1447 indici.
1100 1384 1280 1465 proximum
1302 1381 1337 1443 id

310 1498 468 1561 libertati:
501 1509 531 1559 et
552 1497 578 1558 si
600 1495 802 1559 dominorum
823 1497 932 1559 electio
956 1497 1012 1573 sit,
1034 1497 1197 1559 honestius
1216 1496 1336 1576 princi·

311 1627 368 1688 pes
397 1609 612 1671 Romanorum
642 1629 737 1691 quam
768 1607 1000 1672 Germanorum
1030 1610 1162 1673 leminas
1193 1610 1335 1672 tolerari.

311 1723 396 1784 Haec
413 1723 533 1801 vulgus.
575 1725 746 1785 Proceres:
768 1724 922 1786 atrociore
942 1722 1051 1789 civilis
1071 1726 1159 1787 rabie
1182 1735 1279 1787 semet
1298 1724 1334 1784 in

310 1859 396 1902 arma
411 1851 526 1902 trusos.
545 1836 635 1900 illum
651 1836 829 1902 domesticis
843 1839 933 1901 malis
948 1836 1104 1902 excidium
1116 1839 1214 1921 gentis
1229 1859 1334 1921 oppo-

308 1953 418 2016 suisse.
458 1966 534 2018 tunc
556 1953 698 2017 infensos
720 1954 849 2019 Batavis
870 1952 946 2018 deos
953 2000 962 2034 ,
990 1976 1088 2039 quum
1112 1952 1334 2018 obsiderentur

308 2070 461 2150 legiones,
485 2066 735 2133 interficerentur
756 2071 866 2150 legati,
891 2071 1010 2133 bellum
1031 2070 1089 2132 uui
1109 2067 1332 2142 necessarium,

204 2252 206 2258 ,
307 2174 405 2246 ferale
420 2185 496 2267 ipsis
515 2197 702 2248 sumeretur.
730 2198 859 2248 ventum
875 2184 915 2248 ad
933 2199 1080 2261 extrema,
1098 2186 1132 2247 ni
1147 2185 1332 2266 resipiscere

308 2298 460 2379 incipiant
480 2310 512 2361 et
536 2297 626 2361 noxii
648 2296 757 2379 capitis
779 2319 882 2381 poena
908 2300 1135 2382 poenitentiam
1153 2278 1331 2361 deteantur.

223 2438 294 2499 aar
391 2417 466 2479 Non
487 2416 598 2478 fefellit
616 2414 748 2478 Civilem
770 2437 807 2478 ea
826 2415 987 2480 inclinatio
1009 2431 1039 2480 et
1060 2417 1244 2499 praevenire
1266 2431 1330 2478 sta·

308 2533 366 2597 tuit
387 2553 482 2614 super
502 2528 639 2595 taedium
661 2519 817 2595 malorum
840 2533 933 2595 etiam
954 2553 1009 2614 spe
1029 2534 1127 2612 vitae,
1157 2553 1238 2616 qttae
1258 2533 1330 2614 ple·

306 2665 440 2730 rumque
464 2666 590 2725 magnos
607 2645 728 2707 animos
749 2645 899 2726 infringit.
940 2646 1042 2710 Petito
1064 2649 1222 2732 colloquio
1243 2648 1328 2710 scin-

306 2762 392 2825 ditur
408 2749 560 2823 Nabaliae
580 2757 719 2821 ssuminis
737 2779 829 2841 pons,
849 2758 881 2822 in
905 2764 992 2838 eujus
1015 2763 1148 2843 abrupta
1169 2764 1328 2845 progressi

306 2877 418 2956 duces,
453 2888 483 2938 et
511 2873 619 2937 Civilis
644 2873 688 2935 ita
716 2873 830 2956 coepit.
871 2873 909 2937 ‘si
935 2873 1019 2959 apud
1041 2876 1162 2940 Vitellii
1188 2879 1327 2958 legatum

305 2992 508 3073 defenderer,
539 3013 643 3076 neque
671 2992 753 3055 iacto
780 3012 853 3055 meo
881 2992 975 3056 venia
1001 3012 1104 3075 neque
1132 2992 1220 3056 dictis
1246 2994 1325 3057 fides

304 3112 486 3175 debebatur.
529 3123 640 3172 cuncta
663 3108 747 3172 inter
773 3127 832 3170 nos
853 3106 996 3185 inimica,
1028 3110 1171 3188 hostilia,
1204 3108 1323 3172 abillo

305 3240 433 3308 coepta,
467 3245 485 3285 a
517 3244 568 3286 me
597 3234 688 3284 aucta
717 3232 818 3283 erant.
869 3242 941 3301 erga
963 3224 1201 3305 .Vespasianum
1231 3235 1323 3288 vetus

303 3344 380 3406 mihi
400 3321 616 3416 obcertantia,
637 3351 667 3400 et
688 3358 786 3420 quum
808 3336 950 3419 privatus
973 3352 1052 3400 esset
1074 3339 1165 3400 amici
1186 3341 1323 3402 vocaba-

302 3479 384 3521 mur.
425 3456 486 3518 hoc
507 3453 611 3515 Primo
630 3450 770 3510 Antonio
790 3461 908 3528 notum,
930 3455 1017 3529 cujus
1037 3439 1175 3532 epistolis
1195 3450 1235 3514 ad
1252 3454 1322 3514 bel·

300 3573 366 3634 lum
389 3570 503 3632 accitus
525 3587 611 3645 sum,
642 3586 681 3625 ne
709 3566 903 3643 germanicae
928 3568 1067 3645 legiones
1089 3582 1119 3629 et
1139 3568 1248 3648 gallica
1268 3572 1320 3646 ju·

300 3700 411 3749 ventus
435 3686 519 3766 alpes
542 3677 822 3745 transscenderent.
872 3702 953 3763 quae
983 3683 1140 3746 Antonius
1171 3685 1319 3764 epistolis,

300 3800 502 3863 Hordeonius
524 3798 653 3861 Flaccus
675 3817 823 3878 praesens
844 3799 1001 3876 monebat,
1022 3818 1110 3860 arma
1130 3797 1164 3858 in
1186 3797 1318 3860 Germa·

300 3916 353 3976 nia
377 3913 470 3989 inovi,
494 3933 574 3995 quae
598 3911 765 3972 Mucianus
786 3910 819 3970 iu
843 3906 944 3992 Syria,
966 3911 1113 3993 Aponius
1138 3912 1173 3973 in
1192 3912 1315 3976 Moesia

299 4028 466 4092 Flavianus
492 4028 522 4087 in
546 4026 718 4086 Pannonia’
733 4069 898 4088 ......
