2950 4775
323 367 367 434 ⁹2
668 367 730 436 EX
753 365 989 436 HISTORIIS

240 552 311 617 tet
408 510 486 604 Dux
508 552 641 625 uterque
661 542 733 623 pari
761 541 852 623 culpa
872 540 1001 603 meritus
1030 537 1161 604 sdversn
1181 539 1347 620 prosperis

324 653 463 719 defuere.
510 676 584 718 nam
613 653 740 733 Civilis,
772 656 799 719 si
825 655 998 734 majoribus
1023 655 1120 736 copiis
1145 653 1347 717 instruxisset

324 768 420 831 aciem
452 768 607 832 circumiri
631 791 650 831 a
674 782 738 832 tam
764 769 873 851 paucis
902 767 1083 832 cohortibus
1111 768 1270 852 nequisset
1291 790 1345 830 ca·

324 897 449 968 straque
470 896 622 966 perrupta
643 882 833 947 exscidisset.
875 883 998 946 Vocula
1017 903 1076 945 nec
1093 880 1263 946 adventum
1281 885 1345 944 ho·

323 998 416 1060 stium
440 997 617 1079 exploravit
646 1017 748 1079 eoque
777 995 871 1068 simul
899 1014 1038 1075 egressus
1058 991 1239 1079 victusque,
1268 995 1343 1058 dein

322 1113 472 1177 victoriae
499 1134 612 1195 parum
643 1113 778 1176 confisus
800 1109 881 1175 tritis
907 1111 1024 1173 frustra
1046 1107 1156 1172 diebus
1181 1122 1281 1173 castra
1306 1111 1345 1172 in

318 1227 442 1289 vhostem
470 1228 585 1309 movit,
607 1249 703 1312 quem
727 1229 755 1290 si
775 1228 878 1290 statim
901 1226 1061 1308 impellere
1082 1246 1270 1309 cursumque
1290 1247 1345 1289 re·

321 1363 393 1403 rum
415 1342 505 1427 sequi
528 1357 730 1424 maturasset,
763 1344 886 1406 solvere
915 1341 1071 1405 obsidium
1099 1341 1256 1419 legionum
1287 1359 1345 1400 eo·

323 1456 394 1518 dem
422 1457 541 1540 impetn
571 1459 684 1541 potuit.
732 1461 922 1524 Tentaterst
948 1458 1074 1522 interim
1101 1456 1208 1521 Civilis
1236 1458 1345 1520 obses·

323 1592 432 1635 sorum
452 1573 589 1651 animos,
618 1585 769 1657 tanquam
790 1572 931 1655 perditae
954 1570 1038 1653 apud
1059 1571 1218 1635 Romanos
1237 1590 1289 1632 res
1311 1581 1346 1630 et

324 1687 388 1749 suis
408 1686 539 1749 victoria
558 1688 767 1769 provenisset.
809 1687 1108 1750 circumferebantur
1128 1686 1215 1764 signa
1240 1682 1345 1747 vexil-

322 1801 424 1882 laque,
449 1800 593 1862 ostentati
614 1799 708 1862 etiam
729 1798 854 1881 captiui,
876 1819 916 1861 ex
937 1797 1052 1882 quibus
1077 1819 1161 1861 unus
1184 1795 1344 1878 egregium

310 1912 442 1975 facinus
463 1932 557 1974 ausus
582 1915 665 1975 clara
684 1933 763 1977 voce
784 1924 870 1992 gesta
890 1911 1050 1993 patefecit,
1073 1913 1236 1976 confossus
1255 1911 1342 1974 illico

321 2047 342 2086 a
362 2024 543 2089 Germanis:
570 2023 654 2088 unde
677 2029 779 2104 major
799 2022 896 2088 indici
917 2022 1005 2087 fides.
1047 2023 1149 2087 Simul
1168 2025 1343 2088 vastatione

321 2139 535 2225 incendiisque
556 2139 755 2220 flagrantium
777 2140 923 2203 villarum
943 2139 1052 2204 venire
1073 2143 1224 2203 victorem
1249 2160 1344 2202 exer-

322 2255 418 2318 citum
445 2255 691 2337 intelligebatur.
736 2256 775 2317 In
798 2268 965 2339 conspectu
994 2270 1166 2319 castrorum
1195 2254 1345 2319 constitui

321 2369 409 2451 signa
445 2372 624 2456 fossamque
658 2383 690 2434 et
721 2371 841 2437 vallum
873 2370 1058 2435 circumdari
1086 2371 1209 2435 Vocula
1243 2373 1344 2451 jubet,

321 2484 470 2568 depositis
502 2485 734 2589 impedimentis
769 2487 963 2571 sarcinisque
1002 2486 1140 2568 expediti
1176 2498 1344 2549 certarent.

320 2602 403 2665 Hinc
424 2604 458 2665 in
482 2600 592 2666 ducem
622 2605 743 2667 clamor
771 2623 909 2685 pugnam
930 2604 1136 2685 poscentium.
1178 2614 1209 2665 ct
1228 2600 1345 2665 minari

321 2729 530 2778 assueverant
568 2737 612 2777 ne
638 2729 781 2798 tempore
804 2715 932 2802 quidem
953 2715 991 2778 ad
1014 2709 1219 2781 ordinandam
1244 2717 1344 2780 aciem

321 2840 411 2908 capto
448 2827 647 2909 incompositi
679 2830 817 2913 fessique
850 2829 1007 2910 proelium
1044 2851 1215 2913 sumpsere.
1266 2851 1344 2892 nam

321 2941 429 3004 Civilis
450 2939 574 3020 aderat,
609 2962 675 3005 non
698 2943 802 3005 minus
824 2941 908 3005 vitiis
936 2941 1072 3005 bostium
1102 2964 1198 3026 quam
1225 2942 1343 3009 virtute

321 3075 452 3119 suorum
473 3057 581 3122 fretus.
624 3058 723 3121 Varia
746 3056 831 3140 apud
850 3057 1009 3121 Romanos
1029 3059 1175 3141 fortuna,
1203 3071 1235 3122 et
1258 3056 1343 3122 sedi·

320 3170 504 3235 tiosissimus
529 3174 662 3257 quisque
691 3174 831 3254 ignavus.
880 3173 1008 3256 quidem
1032 3174 1164 3237 recentis
1190 3172 1341 3238 victoriae

320 3307 475 3351 memores
498 3290 631 3352 retinere
653 3293 768 3367 locum,
791 3290 885 3352 ferire
906 3290 1039 3369 hostem,
1061 3310 1157 3373 seque
1179 3303 1210 3352 et
1229 3292 1344 3372 proxi-

319 3420 389 3464 mos
417 3402 555 3479 hortari,
589 3414 619 3464 et
648 3401 857 3484 redintegrata
889 3401 954 3463 acie
983 3424 1095 3466 manus
1125 3401 1168 3486 ad
1197 3406 1344 3467 obsessos

318 3511 463 3590 tendere,
491 3536 531 3577 ne
556 3518 691 3598 tempori
716 3516 871 3580 deessent.
912 3517 963 3579 Illi
982 3529 1093 3581 cuncta
1115 3539 1132 3580 e
1152 3520 1251 3582 muris
1272 3541 1343 3582 cer·

320 3642 428 3691 nentes
462 3631 609 3697 omnibns
639 3635 738 3715 portis
768 3647 989 3716 prorumpunt
1044 3635 1088 3698 Ac
1117 3637 1199 3700 forte
1231 3635 1343 3701 Civilis

318 3745 409 3823 lapsu
433 3747 507 3828 equi
528 3759 719 3828 prostratus,
751 3744 866 3810 credita
892 3767 951 3830 per
976 3761 1147 3832 utrumque
1167 3748 1343 3813 exercitum

320 3857 419 3934 fama,
452 3860 650 3928 vulneratum
681 3874 735 3923 aut
764 3861 980 3942 interfectum,
1015 3864 1150 3926 immane
1184 3876 1343 3948 quantum

242 4059 244 4064 Ι
319 3966 383 4030 suis
407 3973 534 4049 pavoris
557 3986 587 4034 et
609 3974 751 4036 hostibus
773 3975 936 4038 alacritatis
957 3974 1079 4056 indidit.

236 4095 306 4157 tuo
405 4082 467 4145 Sed
496 4088 617 4149 Vocula
646 4091 767 4153 omissis
791 4090 978 4172 fugientium
1007 4090 1100 4172 tergis
1127 4091 1244 4156 vallum
1269 4102 1341 4153 tur·
