2950 4775
434 334 440 342 =
499 329 553 348 ’,υ-
623 332 680 345 tre.
776 339 779 346 .

380 379 581 416 *.ιιέ4,ι,’.υ.’
612 381 681 405 “·,,
735 403 767 414 ᾗ,
859 397 864 402 1

300 439 322 504 2
655 416 927 501 ''GERMANIA

300 613 434 687 Marsos,
459 606 669 683 Gambrivios,
691 604 822 684 Suevos,
848 602 1013 668 Vandilios
1034 603 1198 681 affirmant,
1224 624 1322 686 eaque

300 750 374 792 vera
403 738 433 787 et
463 724 591 806 amiqua
621 720 761 783 nonrina.
804 718 950 781 Ceterum
977 719 1163 780 Germaniae
1184 721 1323 780 vocabu-

205 814 263 888 Ἀ
298 845 364 904 lum
385 861 492 902 recens
516 852 547 901 et
568 859 672 925 nuper
694 834 851 909 additum,
875 835 1023 916 quoniam
1045 833 1101 915 qui
1121 834 1214 912 primi
1235 833 1321 892 Rhe-

198 928 200 933 A
300 978 376 1018 num
398 952 582 1033 transgressi
604 950 711 1012 Gallos
732 950 912 1030 expulerint
934 969 969 1009 ac
990 970 1075 1008 nunc
1097 949 1226 1027 Tungri,
1247 959 1322 1008 tunc

203 1057 260 1141 V¹
300 1072 450 1136 Germani
482 1069 584 1133 vocati
613 1067 685 1129 sint.
727 1066 772 1127 ita
794 1065 1097 1153 Quomen,
1128 1086 1195 1127 non
1211 1064 1337 1172 Q

300 1188 452 1253 evaluisse
476 1184 644 1266 paulatim,
679 1194 713 1244 ut
742 1202 850 1245 omnes
874 1182 1011 1264 prinmm
1041 1205 1059 1243 a
1089 1181 1206 1243 victore
1221 1177 1248 1263 *)
1279 1181 1320 1242 ob

298 1314 434 1379 metum,
466 1320 541 1361 mox
564 1319 583 1359 a
604 1318 637 1359 se
657 1297 734 1378 ipsis
756 1297 884 1358 invento
906 1298 1034 1357 nomine
1058 1296 1208 1358 Germani
1229 1316 1321 1358 voca·

298 1430 420 1479 remur.
463 1413 572 1477 Fuisse
605 1411 692 1493 apud¹
721 1432 775 1474 eos
805 1424 836 1473 et
863 1412 1032 1473 Herculem
1056 1424 1231 1473 memorant
1257 1412 1323 1491 pri·

298 1550 448 1611 mumque
480 1529 619 1589 omnium
648 1527 791 1590 virorum
814 1526 943 1586 fortium
971 1526 1047 1588 ituri
1074 1526 1107 1586 in
1129 1527 1248 1607 proelia
1271 1548 1322 1587 ca·

299 1656 388 1706 nunt.
433 1641 514 1703 Sunt
535 1643 595 1703 illis
617 1641 693 1701 haec
716 1661 844 1724 quoque
871 1642 1024 1718 carmina,
1054 1662 1191 1723 quorum
1212 1642 1322 1719 relatu,

299 1780 394 1842 quem
429 1759 567 1819 baritum
598 1770 731 1834 vocant,
769 1756 942 1819 accendunt
978 1758 1098 1818 animos
1134 1760 1322 1839 futuraeque

298 1892 421 1953 pugnae
444 1872 605 1932 fortunam
629 1871 698 1950 ipso
724 1883 816 1932 cantu
843 1885 1047 1951 augurantur.
1090 1884 1210 1934 terrent
1236 1873 1321 1933 enim

298 1987 512 2070 trepidantve,
546 1998 642 2066 prout
673 1988 780 2048 sonuit
809 1986 906 2066 acies3
946 2009 1004 2049 nec
1037 2001 1220 2052 tamvoces
1251 1991 1321 2051 illae

299 2123 394 2184 quam
422 2099 546 2165 virtutis
575 2112 743 2160 concentus
770 2098 925 2163 videntur.
969 2102 1132 2165 affectatur
1153 2105 1321 2185 praecipue

300 2215 449 2297 asperitas
480 2216 550 2275 soni
573 2226 603 2273 et
624 2213 757 2273 fractum
780 2232 924 2273 murmur
946 2214 1074 2275 obiectis
1098 2214 1136 2276 ad
1161 2237 1196 2278 os
1219 2217 1321 2294 scutis,

301 2351 365 2413 quo
386 2330 512 2411 plenior
534 2342 564 2391 et
586 2328 711 2408 gravior
732 2349 798 2391 vox
818 2349 1003 2411 repercussu
1025 2331 1220 2395 intumescat.
1262 2332 1322 2396 Ge·

300 2456 402 2505 terum
426 2456 456 2506 et
478 2442 605 2504 Ulixem
627 2438 755 2524 quidam
783 2442 952 2523 opinantur
972 2446 1067 2525 longo
1087 2448 1143 2508 illo
1172 2459 1203 2508 et
1230 2448 1321 2509 labu-

300 2561 369 2621 loso
393 2580 500 2620 errore
521 2558 554 2618 in
577 2558 661 2618 hunc
685 2578 839 2620 oceanum
859 2557 994 2622 delatum
1017 2559 1117 2622 adisse
1136 2561 1322 2622 Germaniae
1373 2560 1377 2567 ’

301 2687 418 2752 terras,
442 2673 742 2756 Asciburgiumque,
770 2673 856 2757 quod
877 2675 910 2735 in
933 2677 1002 2756 ripa
1021 2677 1127 2737 Rheni
1149 2675 1243 2736 situm
1263 2675 1323 2734 ho·

302 2785 415 2870 dieque
451 2787 613 2859 incolitur,
650 2786 689 2846 ab
720 2786 775 2849 illo
809 2789 1012 2851 constitutum
1044 2791 1321 2869 nominatumque3

301 2922 387 2962 aram
413 2903 489 2984 quin
513 2901 605 2962 etiam
627 2898 717 2961 Ulixi
737 2912 948 2962 consecratam
971 2901 1089 2979 adjecto
1111 2901 1244 2962 Laertae
1265 2921 1323 2980 pa-

301 3016 357 3076 tris
381 3017 508 3076 nomine
532 2994 645 3078 eodem*
663 3017 733 3077 loco
758 3017 833 3077 olim
853 3030 1028 3097 repertam,
1056 3029 1321 3096 monumentaque

303 3141 334 3189 et
354 3130 491 3190 tumulos
514 3128 667 3211 quosdam
688 3130 806 3209 graecis
825 3132 922 3192 literis
943 3132 1109 3212 inscriptos
1131 3133 1164 3191 in
1186 3132 1321 3193 confinio

304 3243 489 3304 Germaniae
507 3243 697 3325 Raetiaeque
718 3242 822 3306 adhuc
845 3258 976 3308 exstare.
1019 3244 1107 3321 Quae
1126 3267 1229 3329 neque
1248 3268 1323 3308 con-

199 3362 231 3424 ,s
301 3359 427 3419 firmare
456 3359 645 3436 argumentis
677 3381 780 3441 neque
805 3362 968 3459 Q
986 3361 1020 3422 in
1052 3362 1249 3429 animoest:
1284 3382 1323 3421 ex

270 3472 427 3552 tingenio
451 3492 508 3533 suo
531 3473 665 3554 quisque
693 3470 799 3534 demat
827 3475 878 3537 vel
905 3473 997 3536 addat
1024 3473 1128 3536 fidem.
1176 3476 1247 3556 Ipse
1269 3494 1323 3535 eo·

300 3608 373 3649 rum
395 3585 598 3667 opinionibus
623 3583 753 3665 accedo,
784 3590 841 3670 qui
863 3589 1049 3651 Germaniae
1071 3592 1208 3672 populos
1230 3589 1324 3651 nullis

357 3816 383 3884 ⁴)
402 3815 517 3875 victore,
546 3819 615 3872 unde
633 3820 728 3873 bonnm
752 3834 856 3872 sensum
874 3819 918 3871 vix
937 3819 1040 3882 elicias,
1068 3818 1094 3869 in
1114 3817 1232 3869 omnibus
1251 3815 1324 3868 libris

304 3914 361 3962 esta
385 3911 472 3965 malim
491 3909 616 3976 ductore,
635 3928 702 3979 quae
719 3928 772 3965 vox
789 3913 930 3981 praecipue
947 3912 981 3964 de
999 3910 1166 3963 barbarorum
1184 3910 1254 3962 valet
1274 3908 1324 3961 dn-

304 4002 378 4055 oibns
405 4002 584 4071 (ann.2‚10.
609 4007 635 4071 4,
654 4008 698 4059 46.
726 4007 770 4069 la,
789 4004 848 4071 34.)
894 4004 965 4057 Nihil
993 4010 1079 4057 tamen
1106 4003 1274 4068 mutaverim,
1301 4002 1323 4055 si

304 4097 388 4149 victor
406 4099 530 4166 populum
554 4115 688 4155 romanum
712 4097 860 4166 significare
878 4097 977 4166 possit,
1005 4096 1120 4164 Tungris
1144 4096 1251 4148 fratrum
1275 4110 1323 4147 no·

304 4189 372 4241 mine
388 4188 571 4249 blandientem.
