<?xml version="1.0" encoding="UTF-8"?>
<!DOCTYPE html PUBLIC "-//W3C//DTD XHTML 1.0 Transitional//EN"
    "http://www.w3.org/TR/xhtml1/DTD/xhtml1-transitional.dtd">
<html xmlns="http://www.w3.org/1999/xhtml" xml:lang="en" lang="en">
 <head>
  <title>
</title>
<meta http-equiv="Content-Type" content="text/html;charset=utf-8" />
  <meta name='ocr-system' content='tesseract 3.04.00' />
  <meta name='ocr-capabilities' content='ocr_page ocr_carea ocr_par ocr_line ocrx_word'/>
</head>
<body>
  <div class='ocr_page' id='page_1' title='image "./tacitigermania01grimgoog_0048.png"; bbox 0 0 2950 4775; ppageno 0'>
   <div class='ocr_carea' id='block_1_1' title="bbox 325 380 1005 452">
    <p class='ocr_par' dir='ltr' id='par_1_1' title="bbox 325 380 1005 452">
     <span class='ocr_line' id='line_1_1' title="bbox 325 380 1005 452; baseline 0 0"><span class='ocrx_word' id='word_1_1' title='bbox 325 384 369 452; x_wconf 71' lang='lat' dir='ltr'><strong>lb</strong></span> <span class='ocrx_word' id='word_1_2' title='bbox 411 437 413 442; x_wconf 87' lang='lat'><em>.</em></span> <span class='ocrx_word' id='word_1_3' title='bbox 661 380 728 450; x_wconf 72' lang='lat' dir='ltr'><strong>EX</strong></span> <span class='ocrx_word' id='word_1_4' title='bbox 748 380 1005 452; x_wconf 60' lang='lat' dir='ltr'><strong>‘romanticos</strong></span> 
     </span>
    </p>
   </div>
   <div class='ocr_carea' id='block_1_2' title="bbox 238 543 1467 2477">
    <p class='ocr_par' dir='ltr' id='par_1_2' title="bbox 238 543 1467 2477">
     <span class='ocr_line' id='line_1_2' title="bbox 325 543 1349 623; baseline -0.001 -1"><span class='ocrx_word' id='word_1_5' title='bbox 325 555 781 622; x_wconf 80' lang='lat' dir='ltr'><strong>eodem&#39;eli&#39;sa&#39;toleraverant.</strong></span> <span class='ocrx_word' id='word_1_6' title='bbox 820 558 898 621; x_wconf 82' lang='lat' dir='ltr'><strong>sola¹</strong></span> <span class='ocrx_word' id='word_1_7' title='bbox 910 555 1089 621; x_wconf 74' lang='lat' dir='ltr'>Germanici</span> <span class='ocrx_word' id='word_1_8' title='bbox 1108 543 1247 623; x_wconf 62' lang='lat' dir='ltr'><strong>triremis</strong></span> <span class='ocrx_word' id='word_1_9' title='bbox 1260 554 1349 621; x_wconf 75' lang='lat' dir='ltr'><strong>(lau-</strong></span> 
     </span>
     <span class='ocr_line' id='line_1_3' title="bbox 324 670 1351 757; baseline 0 -21"><span class='ocrx_word' id='word_1_10' title='bbox 324 675 459 736; x_wconf 87' lang='lat' dir='ltr'><strong>chorum</strong></span> <span class='ocrx_word' id='word_1_11' title='bbox 490 682 607 733; x_wconf 87' lang='lat' dir='ltr'><strong>terram</strong></span> <span class='ocrx_word' id='word_1_12' title='bbox 640 672 780 755; x_wconf 87' lang='lat' dir='ltr'><strong>appulit,</strong></span> <span class='ocrx_word' id='word_1_13' title='bbox 820 691 916 757; x_wconf 89' lang='lat' dir='ltr'><strong>quem</strong></span> <span class='ocrx_word' id='word_1_14' title='bbox 949 694 1009 755; x_wconf 84' lang='lat' dir='ltr'><strong>per</strong></span> <span class='ocrx_word' id='word_1_15' title='bbox 1039 693 1150 736; x_wconf 85' lang='lat' dir='ltr'><strong>omnes</strong></span> <span class='ocrx_word' id='word_1_16' title='bbox 1178 672 1252 735; x_wconf 86' lang='lat' dir='ltr'><strong>illos</strong></span> <span class='ocrx_word' id='word_1_17' title='bbox 1283 670 1351 736; x_wconf 85' lang='lat' dir='ltr'><strong>dies</strong></span> 
     </span>
     <span class='ocr_line' id='line_1_4' title="bbox 325 775 1350 870; baseline -0.003 -21"><span class='ocrx_word' id='word_1_18' title='bbox 325 799 497 870; x_wconf 85' lang='lat' dir='ltr'><strong>noctesque</strong></span> <span class='ocrx_word' id='word_1_19' title='bbox 518 775 608 869; x_wconf 86' lang='lat' dir='ltr'><strong>apud</strong></span> <span class='ocrx_word' id='word_1_20' title='bbox 623 787 772 869; x_wconf 81' lang='lat' dir='ltr'><strong>scopulos</strong></span> <span class='ocrx_word' id='word_1_21' title='bbox 792 798 824 849; x_wconf 82' lang='lat' dir='ltr'><strong>et</strong></span> <span class='ocrx_word' id='word_1_22' title='bbox 843 789 1058 869; x_wconf 78' lang='lat' dir='ltr'><strong>prominentes</strong></span> <span class='ocrx_word' id='word_1_23' title='bbox 1080 807 1169 865; x_wconf 87' lang='lat' dir='ltr'><strong>oras,</strong></span> <span class='ocrx_word' id='word_1_24' title='bbox 1194 805 1295 868; x_wconf 85' lang='lat' dir='ltr'><strong>quum</strong></span> <span class='ocrx_word' id='word_1_25' title='bbox 1315 804 1350 847; x_wconf 90' lang='lat' dir='ltr'><strong>se</strong></span> 
     </span>
     <span class='ocr_line' id='line_1_5' title="bbox 322 898 1351 981; baseline -0.003 -17"><span class='ocrx_word' id='word_1_26' title='bbox 322 901 405 964; x_wconf 81' lang='lat' dir='ltr'><strong>&#39;tanti</strong></span> <span class='ocrx_word' id='word_1_27' title='bbox 433 899 522 965; x_wconf 78' lang='lat' dir='ltr'><strong>exitii</strong></span> <span class='ocrx_word' id='word_1_28' title='bbox 545 907 635 963; x_wconf 83' lang='lat' dir='ltr'><strong>re&#39;um</strong></span> <span class='ocrx_word' id='word_1_29' title='bbox 663 900 851 979; x_wconf 79' lang='lat' dir='ltr'><strong>clamitaret,</strong></span> <span class='ocrx_word' id='word_1_30' title='bbox 882 901 939 966; x_wconf 76' lang='lat' dir='ltr'><strong>vix</strong></span> <span class='ocrx_word' id='word_1_31' title='bbox 968 900 1137 963; x_wconf 80' lang='lat' dir='ltr'><strong>cohibuere</strong></span> <span class='ocrx_word' id='word_1_32' title='bbox 1164 898 1257 961; x_wconf 91' lang='lat' dir='ltr'><strong>amici</strong></span> <span class='ocrx_word' id='word_1_33' title='bbox 1285 918 1351 981; x_wconf 84' lang='lat' dir='ltr'><strong>quo</strong></span> 
     </span>
     <span class='ocr_line' id='line_1_6' title="bbox 322 1012 1352 1097; baseline -0.002 -20"><span class='ocrx_word' id='word_1_34' title='bbox 322 1016 431 1077; x_wconf 83' lang='lat' dir='ltr'><strong>minus</strong></span> <span class='ocrx_word' id='word_1_35' title='bbox 461 1012 572 1080; x_wconf 87' lang='lat' dir='ltr'><strong>eodem</strong></span> <span class='ocrx_word' id='word_1_36' title='bbox 594 1014 676 1077; x_wconf 87' lang='lat' dir='ltr'><strong>mari</strong></span> <span class='ocrx_word' id='word_1_37' title='bbox 696 1026 870 1097; x_wconf 87' lang='lat' dir='ltr'><strong>oppeteret.</strong></span> <span class='ocrx_word' id='word_1_38' title='bbox 912 1013 1054 1078; x_wconf 84' lang='lat' dir='ltr'><strong>Tandem</strong></span> <span class='ocrx_word' id='word_1_39' title='bbox 1079 1015 1241 1076; x_wconf 77' lang='lat' dir='ltr'><strong>relabente</strong></span> <span class='ocrx_word' id='word_1_40' title='bbox 1262 1024 1352 1075; x_wconf 84' lang='lat' dir='ltr'><strong>aestu</strong></span> 
     </span>
     <span class='ocr_line' id='line_1_7' title="bbox 328 1124 1354 1209; baseline -0.001 -18"><span class='ocrx_word' id='word_1_41' title='bbox 328 1140 357 1190; x_wconf 90' lang='lat' dir='ltr'><strong>et</strong></span> <span class='ocrx_word' id='word_1_42' title='bbox 389 1124 580 1191; x_wconf 79' lang='lat' dir='ltr'><strong>secundante</strong></span> <span class='ocrx_word' id='word_1_43' title='bbox 611 1139 707 1191; x_wconf 87' lang='lat' dir='ltr'><strong>vento</strong></span> <span class='ocrx_word' id='word_1_44' title='bbox 739 1126 869 1192; x_wconf 79' lang='lat' dir='ltr'><strong>claudae</strong></span> <span class='ocrx_word' id='word_1_45' title='bbox 900 1148 996 1191; x_wconf 84' lang='lat' dir='ltr'><strong>naves</strong></span> <span class='ocrx_word' id='word_1_46' title='bbox 1026 1148 1101 1191; x_wconf 90' lang='lat' dir='ltr'><strong>raro</strong></span> <span class='ocrx_word' id='word_1_47' title='bbox 1132 1128 1274 1209; x_wconf 52' lang='lat' dir='ltr'><strong>remigio*</strong></span> <span class='ocrx_word' id='word_1_48' title='bbox 1296 1138 1354 1190; x_wconf 82' lang='lat' dir='ltr'><strong>aut</strong></span> 
     </span>
     <span class='ocr_line' id='line_1_8' title="bbox 238 1225 1354 1331; baseline 0.002 -27"><span class='ocrx_word' id='word_1_49' title='bbox 238 1297 241 1304; x_wconf 29' lang='lat'><strong>⁴</strong></span> <span class='ocrx_word' id='word_1_50' title='bbox 289 1326 293 1331; x_wconf 18' lang='lat'><em>¹</em></span> <span class='ocrx_word' id='word_1_51' title='bbox 325 1240 454 1306; x_wconf 87' lang='lat' dir='ltr'><strong>intentis</strong></span> <span class='ocrx_word' id='word_1_52' title='bbox 476 1243 615 1308; x_wconf 74' lang='lat' dir='ltr'><strong>testibus</strong></span> <span class='ocrx_word' id='word_1_53' title='bbox 639 1254 670 1305; x_wconf 90' lang='lat' dir='ltr'><strong>et</strong></span> <span class='ocrx_word' id='word_1_54' title='bbox 697 1225 853 1328; x_wconf 61' lang='lat' dir='ltr'><strong>&#39;quaedam</strong></span> <span class='ocrx_word' id='word_1_55' title='bbox 880 1265 899 1306; x_wconf 88' lang='lat' dir='ltr'><strong>a</strong></span> <span class='ocrx_word' id='word_1_56' title='bbox 926 1242 1132 1307; x_wconf 79' lang='lat' dir='ltr'><strong>ralidioribus</strong></span> <span class='ocrx_word' id='word_1_57' title='bbox 1158 1251 1275 1307; x_wconf 73' lang='lat' dir='ltr'><strong>mactae</strong></span> <span class='ocrx_word' id='word_1_58' title='bbox 1298 1264 1354 1306; x_wconf 87' lang='lat' dir='ltr'><strong>re·</strong></span> 
     </span>
     <span class='ocr_line' id='line_1_9' title="bbox 323 1347 1467 1441; baseline -0.003 -18"><span class='ocrx_word' id='word_1_59' title='bbox 323 1367 461 1436; x_wconf 69' lang='lat' dir='ltr'><strong>³te&#39;rt&#39;ero,</strong></span> <span class='ocrx_word' id='word_1_60' title='bbox 479 1379 558 1441; x_wconf 87' lang='lat' dir='ltr'><strong>quaa</strong></span> <span class='ocrx_word' id='word_1_61' title='bbox 579 1359 696 1441; x_wconf 83' lang='lat' dir='ltr'><strong>raptim</strong></span> <span class='ocrx_word' id='word_1_62' title='bbox 712 1360 849 1424; x_wconf 77' lang='lat' dir='ltr'><strong>refectas</strong></span> <span class='ocrx_word' id='word_1_63' title='bbox 861 1358 954 1423; x_wconf 82' lang='lat' dir='ltr'><strong>misit</strong></span> <span class='ocrx_word' id='word_1_64' title='bbox 971 1365 1008 1422; x_wconf 81' lang='lat' dir='ltr'><strong>ut</strong></span> <span class='ocrx_word' id='word_1_65' title='bbox 1027 1365 1242 1422; x_wconf 83' lang='lat' dir='ltr'><strong>scrutarentur</strong></span> <span class='ocrx_word' id='word_1_66' title='bbox 1261 1358 1354 1421; x_wconf 85' lang='lat' dir='ltr'><strong>insu·</strong></span> <span class='ocrx_word' id='word_1_67' title='bbox 1466 1347 1467 1380; x_wconf 71' lang='lat'>³</span> 
     </span>
     <span class='ocr_line' id='line_1_10' title="bbox 324 1469 1355 1561; baseline -0.002 -23"><span class='ocrx_word' id='word_1_68' title='bbox 324 1469 384 1538; x_wconf 69' lang='lat' dir='ltr'><strong>lesi</strong></span> <span class='ocrx_word' id='word_1_69' title='bbox 419 1473 546 1538; x_wconf 80' lang='lat' dir='ltr'><strong>collecti</strong></span> <span class='ocrx_word' id='word_1_70' title='bbox 563 1485 608 1537; x_wconf 80' lang='lat' dir='ltr'><strong>&#39;ea</strong></span> <span class='ocrx_word' id='word_1_71' title='bbox 625 1487 701 1538; x_wconf 87' lang='lat' dir='ltr'><strong>cu&#39;ra</strong></span> <span class='ocrx_word' id='word_1_72' title='bbox 723 1477 886 1561; x_wconf 86' lang='lat' dir='ltr'><strong>plerique,</strong></span> <span class='ocrx_word' id='word_1_73' title='bbox 914 1478 1030 1540; x_wconf 85' lang='lat' dir='ltr'><strong>multos</strong></span> <span class='ocrx_word' id='word_1_74' title='bbox 1050 1473 1230 1558; x_wconf 77' lang='lat' dir='ltr'><strong>Angrivarii</strong></span> <span class='ocrx_word' id='word_1_75' title='bbox 1247 1494 1355 1556; x_wconf 85' lang='lat' dir='ltr'><strong>nuper</strong></span> 
     </span>
     <span class='ocr_line' id='line_1_11' title="bbox 325 1583 1356 1672; baseline 0 -24"><span class='ocrx_word' id='word_1_76' title='bbox 325 1583 362 1648; x_wconf 85' lang='lat' dir='ltr'><strong>in</strong></span> <span class='ocrx_word' id='word_1_77' title='bbox 394 1583 489 1652; x_wconf 88' lang='lat' dir='ltr'><strong>fidem</strong></span> <span class='ocrx_word' id='word_1_78' title='bbox 515 1588 639 1670; x_wconf 42' lang='lat' dir='ltr'><strong>‘accepti</strong></span> <span class='ocrx_word' id='word_1_79' title='bbox 664 1587 846 1672; x_wconf 81' lang='lat' dir='ltr'><strong>redemptos</strong></span> <span class='ocrx_word' id='word_1_80' title='bbox 874 1591 915 1653; x_wconf 84' lang='lat' dir='ltr'><strong>ab</strong></span> <span class='ocrx_word' id='word_1_81' title='bbox 942 1589 1146 1670; x_wconf 83' lang='lat' dir='ltr'><strong>interioribus</strong></span> <span class='ocrx_word' id='word_1_82' title='bbox 1175 1585 1356 1667; x_wconf 83' lang='lat' dir='ltr'><strong>reddidere,</strong></span> 
     </span>
     <span class='ocr_line' id='line_1_12' title="bbox 326 1697 1357 1786; baseline 0.005 -25"><span class='ocrx_word' id='word_1_83' title='bbox 326 1697 459 1782; x_wconf 81' lang='lat' dir='ltr'><strong>quidam</strong></span> <span class='ocrx_word' id='word_1_84' title='bbox 487 1701 523 1762; x_wconf 85' lang='lat' dir='ltr'><strong>in</strong></span> <span class='ocrx_word' id='word_1_85' title='bbox 550 1701 747 1768; x_wconf 79' lang='lat' dir='ltr'><strong>Britanniam</strong></span> <span class='ocrx_word' id='word_1_86' title='bbox 765 1705 858 1786; x_wconf 72' lang='lat' dir='ltr'><strong>&#39;rapti</strong></span> <span class='ocrx_word' id='word_1_87' title='bbox 887 1717 918 1767; x_wconf 93' lang='lat' dir='ltr'><strong>et</strong></span> <span class='ocrx_word' id='word_1_88' title='bbox 943 1704 1067 1767; x_wconf 86' lang='lat' dir='ltr'><strong>remissi</strong></span> <span class='ocrx_word' id='word_1_89' title='bbox 1090 1726 1110 1766; x_wconf 91' lang='lat' dir='ltr'><strong>a</strong></span> <span class='ocrx_word' id='word_1_90' title='bbox 1133 1704 1261 1785; x_wconf 83' lang='lat' dir='ltr'><strong>regulis.</strong></span> <span class='ocrx_word' id='word_1_91' title='bbox 1309 1700 1357 1766; x_wconf 90' lang='lat' dir='ltr'><strong>Ut</strong></span> 
     </span>
     <span class='ocr_line' id='line_1_13' title="bbox 329 1812 1355 1900; baseline 0.007 -27"><span class='ocrx_word' id='word_1_92' title='bbox 329 1812 402 1895; x_wconf 88' lang='lat' dir='ltr'><strong>quis</strong></span> <span class='ocrx_word' id='word_1_93' title='bbox 425 1833 465 1874; x_wconf 83' lang='lat' dir='ltr'><strong>ex</strong></span> <span class='ocrx_word' id='word_1_94' title='bbox 491 1813 666 1900; x_wconf 84' lang='lat' dir='ltr'><strong>longinquo</strong></span> <span class='ocrx_word' id='word_1_95' title='bbox 687 1827 878 1895; x_wconf 80' lang='lat' dir='ltr'><strong>reverterat,</strong></span> <span class='ocrx_word' id='word_1_96' title='bbox 899 1816 1051 1880; x_wconf 85' lang='lat' dir='ltr'><strong>miracula</strong></span> <span class='ocrx_word' id='word_1_97' title='bbox 1071 1820 1259 1895; x_wconf 77' lang='lat' dir='ltr'><strong>narrabant,</strong></span> <span class='ocrx_word' id='word_1_98' title='bbox 1283 1815 1355 1880; x_wconf 77' lang='lat' dir='ltr'><strong>‘vim</strong></span> 
     </span>
     <span class='ocr_line' id='line_1_14' title="bbox 299 1925 1356 2017; baseline 0.003 -28"><span class='ocrx_word' id='word_1_99' title='bbox 299 1965 307 1977; x_wconf 82' lang='lat'><em>·</em></span> <span class='ocrx_word' id='word_1_100' title='bbox 326 1927 493 1990; x_wconf 83' lang='lat' dir='ltr'><strong>turbinum</strong></span> <span class='ocrx_word' id='word_1_101' title='bbox 521 1938 552 1988; x_wconf 88' lang='lat' dir='ltr'><strong>et</strong></span> <span class='ocrx_word' id='word_1_102' title='bbox 572 1925 729 1997; x_wconf 78' lang='lat' dir='ltr'><strong>inauditae</strong></span> <span class='ocrx_word' id='word_1_103' title='bbox 751 1929 920 2017; x_wconf 83' lang='lat' dir='ltr'><strong>volucres,</strong></span> <span class='ocrx_word' id='word_1_104' title='bbox 943 1942 1084 1992; x_wconf 86' lang='lat' dir='ltr'><strong>monstra</strong></span> <span class='ocrx_word' id='word_1_105' title='bbox 1112 1928 1226 2008; x_wconf 86' lang='lat' dir='ltr'><strong>maris,</strong></span> <span class='ocrx_word' id='word_1_106' title='bbox 1253 1929 1356 1993; x_wconf 89' lang='lat' dir='ltr'><strong>ambi·</strong></span> 
     </span>
     <span class='ocr_line' id='line_1_15' title="bbox 326 2042 1357 2126; baseline 0.008 -23"><span class='ocrx_word' id='word_1_107' title='bbox 326 2061 405 2122; x_wconf 80' lang='lat' dir='ltr'><strong>guas</strong></span> <span class='ocrx_word' id='word_1_108' title='bbox 426 2042 592 2106; x_wconf 88' lang='lat' dir='ltr'><strong>hominum</strong></span> <span class='ocrx_word' id='word_1_109' title='bbox 614 2055 653 2105; x_wconf 81' lang='lat' dir='ltr'><strong>et·</strong></span> <span class='ocrx_word' id='word_1_110' title='bbox 666 2044 833 2112; x_wconf 80' lang='lat' dir='ltr'><strong>beluarum</strong></span> <span class='ocrx_word' id='word_1_111' title='bbox 859 2045 995 2126; x_wconf 82' lang='lat' dir='ltr'><strong>formas,</strong></span> <span class='ocrx_word' id='word_1_112' title='bbox 1027 2046 1093 2111; x_wconf 84' lang='lat' dir='ltr'><strong>visa</strong></span> <span class='ocrx_word' id='word_1_113' title='bbox 1113 2048 1178 2112; x_wconf 87' lang='lat' dir='ltr'><strong>sive</strong></span> <span class='ocrx_word' id='word_1_114' title='bbox 1206 2069 1247 2111; x_wconf 85' lang='lat' dir='ltr'><strong>ex</strong></span> <span class='ocrx_word' id='word_1_115' title='bbox 1266 2055 1357 2111; x_wconf 81' lang='lat' dir='ltr'><strong>metu</strong></span> 
     </span>
     <span class='ocr_line' id='line_1_16' title="bbox 329 2154 523 2222; baseline 0 0"><span class='ocrx_word' id='word_1_116' title='bbox 329 2154 458 2222; x_wconf 87' lang='lat' dir='ltr'><strong>credita.</strong></span> <span class='ocrx_word' id='word_1_117' title='bbox 520 2175 523 2180; x_wconf 74' lang='grc'><em>’</em></span> 
     </span>
     <span class='ocr_line' id='line_1_17' title="bbox 244 2269 1467 2358; baseline 0.005 -25"><span class='ocrx_word' id='word_1_118' title='bbox 244 2282 318 2347; x_wconf 63' lang='lat' dir='ltr'><strong>mro</strong></span> <span class='ocrx_word' id='word_1_119' title='bbox 366 2288 370 2298; x_wconf 89' lang='lat'>·</span> <span class='ocrx_word' id='word_1_120' title='bbox 416 2270 491 2336; x_wconf 83' lang='lat' dir='ltr'><strong>Sed·</strong></span> <span class='ocrx_word' id='word_1_121' title='bbox 505 2273 597 2336; x_wconf 56' lang='lat' dir='ltr'><strong>‘fama</strong></span> <span class='ocrx_word' id='word_1_122' title='bbox 626 2271 732 2341; x_wconf 78' lang='lat' dir='ltr'><strong>elassis</strong></span> <span class='ocrx_word' id='word_1_123' title='bbox 765 2269 896 2335; x_wconf 86' lang='lat' dir='ltr'><strong>amissae</strong></span> <span class='ocrx_word' id='word_1_124' title='bbox 927 2285 964 2337; x_wconf 92' lang='lat' dir='ltr'><strong>ut</strong></span> <span class='ocrx_word' id='word_1_125' title='bbox 991 2273 1166 2340; x_wconf 86' lang='lat' dir='ltr'><strong>Germanos</strong></span> <span class='ocrx_word' id='word_1_126' title='bbox 1196 2272 1236 2337; x_wconf 79' lang='lat' dir='ltr'><strong>ad</strong></span> <span class='ocrx_word' id='word_1_127' title='bbox 1265 2295 1356 2358; x_wconf 86' lang='lat' dir='ltr'><strong>spem</strong></span> <span class='ocrx_word' id='word_1_128' title='bbox 1466 2321 1467 2326; x_wconf 20' lang='grc' dir='ltr'>η</span> 
     </span>
     <span class='ocr_line' id='line_1_18' title="bbox 331 2382 1467 2477; baseline 0.006 -29"><span class='ocrx_word' id='word_1_129' title='bbox 331 2384 423 2465; x_wconf 88' lang='lat' dir='ltr'><strong>belli,</strong></span> <span class='ocrx_word' id='word_1_130' title='bbox 453 2385 498 2451; x_wconf 86' lang='lat' dir='ltr'><strong>ita</strong></span> <span class='ocrx_word' id='word_1_131' title='bbox 521 2405 685 2457; x_wconf 76' lang='lat' dir='ltr'><strong>caesarem</strong></span> <span class='ocrx_word' id='word_1_132' title='bbox 714 2382 754 2451; x_wconf 85' lang='lat' dir='ltr'><strong>ad</strong></span> <span class='ocrx_word' id='word_1_133' title='bbox 784 2383 992 2453; x_wconf 85' lang='lat' dir='ltr'><strong>coercendum</strong></span> <span class='ocrx_word' id='word_1_134' title='bbox 1021 2392 1131 2453; x_wconf 82' lang='lat' dir='ltr'><strong>erexit.</strong></span> <span class='ocrx_word' id='word_1_135' title='bbox 1174 2389 1251 2470; x_wconf 86' lang='lat' dir='ltr'><strong>Gajo</strong></span> <span class='ocrx_word' id='word_1_136' title='bbox 1275 2390 1356 2454; x_wconf 85' lang='lat' dir='ltr'><strong>Silia</strong></span> <span class='ocrx_word' id='word_1_137' title='bbox 1466 2394 1467 2477; x_wconf 19' lang='grc' dir='ltr'>ζ</span> 
     </span>
    </p>
   </div>
   <div class='ocr_carea' id='block_1_3' title="bbox 325 2501 1467 2931">
    <p class='ocr_par' dir='ltr' id='par_1_3' title="bbox 325 2484 1467 2931">
     <span class='ocr_line' id='line_1_19' title="bbox 325 2501 1355 2587; baseline 0.002 -22"><span class='ocrx_word' id='word_1_138' title='bbox 325 2501 757 2587; x_wconf 72' lang='lat' dir='ltr'><strong>cum.uigtnta,pedttu1n,2</strong></span> <span class='ocrx_word' id='word_1_139' title='bbox 777 2503 878 2565; x_wconf 88' lang='lat' dir='ltr'><strong>trlbus</strong></span> <span class='ocrx_word' id='word_1_140' title='bbox 906 2505 1048 2587; x_wconf 82' lang='lat' dir='ltr'><strong>equitum</strong></span> <span class='ocrx_word' id='word_1_141' title='bbox 1074 2505 1214 2569; x_wconf 86' lang='lat' dir='ltr'><strong>millibus</strong></span> <span class='ocrx_word' id='word_1_142' title='bbox 1242 2506 1292 2568; x_wconf 90' lang='lat' dir='ltr'><strong>ire</strong></span> <span class='ocrx_word' id='word_1_143' title='bbox 1319 2504 1355 2567; x_wconf 90' lang='lat' dir='ltr'><strong>in</strong></span> 
     </span>
     <span class='ocr_line' id='line_1_20' title="bbox 333 2617 1359 2703; baseline 0.003 -21"><span class='ocrx_word' id='word_1_144' title='bbox 333 2617 464 2687; x_wconf 81' lang='lat' dir='ltr'><strong>Chattos</strong></span> <span class='ocrx_word' id='word_1_145' title='bbox 493 2620 644 2701; x_wconf 80' lang='lat' dir='ltr'><strong>imperat:</strong></span> <span class='ocrx_word' id='word_1_146' title='bbox 672 2623 742 2700; x_wconf 88' lang='lat' dir='ltr'><strong>ipse</strong></span> <span class='ocrx_word' id='word_1_147' title='bbox 758 2620 941 2698; x_wconf 69' lang='lat' dir='ltr'><strong>&#39;maioribus</strong></span> <span class='ocrx_word' id='word_1_148' title='bbox 967 2622 1065 2703; x_wconf 84' lang='lat' dir='ltr'><strong>copiis</strong></span> <span class='ocrx_word' id='word_1_149' title='bbox 1092 2622 1216 2685; x_wconf 85' lang='lat' dir='ltr'><strong>Marsos</strong></span> <span class='ocrx_word' id='word_1_150' title='bbox 1238 2622 1359 2695; x_wconf 67' lang='lat' dir='ltr'><strong>mrum·</strong></span> 
     </span>
     <span class='ocr_line' id='line_1_21' title="bbox 332 2731 1359 2818; baseline 0.003 -21"><span class='ocrx_word' id='word_1_151' title='bbox 332 2733 397 2814; x_wconf 78' lang='lat' dir='ltr'><strong>pit,</strong></span> <span class='ocrx_word' id='word_1_152' title='bbox 426 2754 563 2818; x_wconf 85' lang='lat' dir='ltr'><strong>quorum</strong></span> <span class='ocrx_word' id='word_1_153' title='bbox 584 2731 894 2799; x_wconf 16' lang='lat' dir='ltr'><strong>duxistttauovendus</strong></span> <span class='ocrx_word' id='word_1_154' title='bbox 916 2754 1019 2816; x_wconf 86' lang='lat' dir='ltr'><strong>nuper</strong></span> <span class='ocrx_word' id='word_1_155' title='bbox 1035 2733 1071 2797; x_wconf 90' lang='lat' dir='ltr'><strong>in</strong></span> <span class='ocrx_word' id='word_1_156' title='bbox 1085 2732 1284 2798; x_wconf 87' lang='lat' dir='ltr'><strong>deditionem</strong></span> <span class='ocrx_word' id='word_1_157' title='bbox 1305 2758 1359 2800; x_wconf 62' lang='lat' dir='ltr'><strong>aas·</strong></span> 
     </span>
     <span class='ocr_line' id='line_1_22' title="bbox 330 2846 1467 2931; baseline 0.004 -22"><span class='ocrx_word' id='word_1_158' title='bbox 330 2861 441 2931; x_wconf 82' lang='lat' dir='ltr'><strong>eaptus</strong></span> <span class='ocrx_word' id='word_1_159' title='bbox 461 2848 644 2931; x_wconf 84' lang='lat' dir='ltr'><strong>propinquo</strong></span> <span class='ocrx_word' id='word_1_160' title='bbox 666 2849 740 2913; x_wconf 86' lang='lat' dir='ltr'><strong>luco</strong></span> <span class='ocrx_word' id='word_1_161' title='bbox 761 2846 917 2912; x_wconf 84' lang='lat' dir='ltr'><strong>defossam</strong></span> <span class='ocrx_word' id='word_1_162' title='bbox 937 2846 1241 2931; x_wconf 75' lang='lat' dir='ltr'><strong>varianae&#39;legionia</strong></span> <span class='ocrx_word' id='word_1_163' title='bbox 1267 2848 1359 2930; x_wconf 84' lang='lat' dir='ltr'><strong>aqui·</strong></span> <span class='ocrx_word' id='word_1_164' title='bbox 1466 2870 1467 2913; x_wconf 58' lang='grc' dir='ltr'>ἑ</span> 
     </span>
    </p>
   </div>
   <div class='ocr_carea' id='block_1_4' title="bbox 275 2960 1467 4188">
    <p class='ocr_par' dir='ltr' id='par_1_4' title="bbox 328 2960 1467 3386">
     <span class='ocr_line' id='line_1_23' title="bbox 330 2960 1467 3048; baseline -0.004 -25"><span class='ocrx_word' id='word_1_165' title='bbox 330 2964 398 3029; x_wconf 86' lang='lat' dir='ltr'><strong>lem</strong></span> <span class='ocrx_word' id='word_1_166' title='bbox 419 2963 544 3033; x_wconf 84' lang='lat' dir='ltr'><strong>modico</strong></span> <span class='ocrx_word' id='word_1_167' title='bbox 573 2963 732 3048; x_wconf 80' lang='lat' dir='ltr'><strong>praesidio</strong></span> <span class='ocrx_word' id='word_1_168' title='bbox 761 2963 881 3029; x_wconf 85' lang='lat' dir='ltr'><strong>servari</strong></span> <span class='ocrx_word' id='word_1_169' title='bbox 902 2960 1030 3025; x_wconf 88' lang='lat' dir='ltr'><strong>indicat.</strong></span> <span class='ocrx_word' id='word_1_170' title='bbox 1071 2961 1172 3024; x_wconf 87' lang='lat' dir='ltr'><strong>Missa</strong></span> <span class='ocrx_word' id='word_1_171' title='bbox 1198 2963 1360 3042; x_wconf 84' lang='lat' dir='ltr'><strong>extemplo</strong></span> <span class='ocrx_word' id='word_1_172' title='bbox 1466 3004 1467 3019; x_wconf 63' lang='grc'>,</span> 
     </span>
     <span class='ocr_line' id='line_1_24' title="bbox 335 3074 1359 3161; baseline -0.012 -18"><span class='ocrx_word' id='word_1_173' title='bbox 335 3092 446 3143; x_wconf 82' lang='lat' dir='ltr'><strong>manus</strong></span> <span class='ocrx_word' id='word_1_174' title='bbox 468 3099 552 3161; x_wconf 73' lang='lat' dir='ltr'><strong>qima</strong></span> <span class='ocrx_word' id='word_1_175' title='bbox 571 3079 693 3143; x_wconf 82' lang='lat' dir='ltr'><strong>hostem</strong></span> <span class='ocrx_word' id='word_1_176' title='bbox 715 3090 734 3141; x_wconf 80' lang='lat' dir='ltr'><strong>a</strong></span> <span class='ocrx_word' id='word_1_177' title='bbox 754 3077 859 3141; x_wconf 86' lang='lat' dir='ltr'><strong>fronte</strong></span> <span class='ocrx_word' id='word_1_178' title='bbox 879 3075 1014 3154; x_wconf 86' lang='lat' dir='ltr'><strong>eliceret,</strong></span> <span class='ocrx_word' id='word_1_179' title='bbox 1036 3074 1091 3137; x_wconf 84' lang='lat' dir='ltr'><strong>alii</strong></span> <span class='ocrx_word' id='word_1_180' title='bbox 1111 3075 1168 3158; x_wconf 86' lang='lat' dir='ltr'><strong>qui</strong></span> <span class='ocrx_word' id='word_1_181' title='bbox 1187 3088 1275 3156; x_wconf 79' lang='lat' dir='ltr'><strong>terga</strong></span> <span class='ocrx_word' id='word_1_182' title='bbox 1297 3076 1359 3138; x_wconf 81' lang='lat' dir='ltr'><strong>cir.</strong></span> 
     </span>
     <span class='ocr_line' id='line_1_25' title="bbox 328 3188 1361 3272; baseline -0.005 -15"><span class='ocrx_word' id='word_1_183' title='bbox 328 3189 506 3270; x_wconf 72' lang='lat' dir='ltr'><strong>cumgmsai</strong></span> <span class='ocrx_word' id='word_1_184' title='bbox 524 3188 735 3255; x_wconf 56' lang='lat' dir='ltr'><strong>&lt;recluderent</strong></span> <span class='ocrx_word' id='word_1_185' title='bbox 764 3188 914 3253; x_wconf 82' lang='lat' dir='ltr'><strong>humum:</strong></span> <span class='ocrx_word' id='word_1_186' title='bbox 946 3200 978 3250; x_wconf 91' lang='lat' dir='ltr'><strong>ct</strong></span> <span class='ocrx_word' id='word_1_187' title='bbox 1006 3188 1147 3272; x_wconf 77' lang='lat' dir='ltr'><strong>cuisque</strong></span> <span class='ocrx_word' id='word_1_188' title='bbox 1175 3189 1265 3252; x_wconf 81' lang='lat' dir='ltr'><strong>affuit</strong></span> <span class='ocrx_word' id='word_1_189' title='bbox 1291 3189 1361 3252; x_wconf 86' lang='lat' dir='ltr'><strong>for·</strong></span> 
     </span>
     <span class='ocr_line' id='line_1_26' title="bbox 334 3296 1361 3386; baseline 0.002 -21"><span class='ocrx_word' id='word_1_190' title='bbox 334 3315 423 3366; x_wconf 89' lang='lat' dir='ltr'><strong>tuna.</strong></span> <span class='ocrx_word' id='word_1_191' title='bbox 466 3323 504 3365; x_wconf 92' lang='lat' dir='ltr'><strong>co</strong></span> <span class='ocrx_word' id='word_1_192' title='bbox 525 3296 703 3384; x_wconf 81' lang='lat' dir='ltr'><strong>promptior</strong></span> <span class='ocrx_word' id='word_1_193' title='bbox 724 3323 830 3365; x_wconf 84' lang='lat' dir='ltr'><strong>caesar</strong></span> <span class='ocrx_word' id='word_1_194' title='bbox 848 3301 950 3385; x_wconf 84' lang='lat' dir='ltr'><strong>pergit</strong></span> <span class='ocrx_word' id='word_1_195' title='bbox 970 3302 1146 3382; x_wconf 74' lang='lat' dir='ltr'><strong>introrsus,</strong></span> <span class='ocrx_word' id='word_1_196' title='bbox 1174 3305 1361 3386; x_wconf 88' lang='lat' dir='ltr'><strong>populatur,</strong></span> 
     </span>
    </p>

    <p class='ocr_par' dir='ltr' id='par_1_5' title="bbox 275 3415 1365 4188">
     <span class='ocr_line' id='line_1_27' title="bbox 275 3415 1361 3496; baseline 0.003 -18"><span class='ocrx_word' id='word_1_197' title='bbox 275 3483 296 3495; x_wconf 48' lang='grc'><strong>,,</strong></span> <span class='ocrx_word' id='word_1_198' title='bbox 330 3415 491 3485; x_wconf 74' lang='lat' dir='ltr'><strong>exscindit</strong></span> <span class='ocrx_word' id='word_1_199' title='bbox 512 3438 578 3480; x_wconf 91' lang='lat' dir='ltr'><strong>non</strong></span> <span class='ocrx_word' id='word_1_200' title='bbox 600 3437 712 3485; x_wconf 71' lang='lat' dir='ltr'><strong>ausum</strong></span> <span class='ocrx_word' id='word_1_201' title='bbox 728 3415 882 3496; x_wconf 73' lang='lat' dir='ltr'><strong>congredi</strong></span> <span class='ocrx_word' id='word_1_202' title='bbox 902 3417 1042 3496; x_wconf 83' lang='lat' dir='ltr'><strong>hostem,</strong></span> <span class='ocrx_word' id='word_1_203' title='bbox 1070 3429 1127 3481; x_wconf 85' lang='lat' dir='ltr'><strong>aut</strong></span> <span class='ocrx_word' id='word_1_204' title='bbox 1146 3417 1248 3483; x_wconf 83' lang='lat' dir='ltr'><strong>sicubi</strong></span> <span class='ocrx_word' id='word_1_205' title='bbox 1267 3417 1361 3482; x_wconf 86' lang='lat' dir='ltr'><strong>resti-</strong></span> 
     </span>
     <span class='ocr_line' id='line_1_28' title="bbox 330 3531 1361 3615; baseline 0.004 -22"><span class='ocrx_word' id='word_1_206' title='bbox 330 3541 417 3597; x_wconf 78' lang='lat' dir='ltr'><strong>terat</strong></span> <span class='ocrx_word' id='word_1_207' title='bbox 437 3531 543 3599; x_wconf 87' lang='lat' dir='ltr'><strong>statim</strong></span> <span class='ocrx_word' id='word_1_208' title='bbox 563 3533 691 3613; x_wconf 76' lang='lat' dir='ltr'><strong>pulsum</strong></span> <span class='ocrx_word' id='word_1_209' title='bbox 717 3550 775 3595; x_wconf 85' lang='lat' dir='ltr'><strong>nec</strong></span> <span class='ocrx_word' id='word_1_210' title='bbox 796 3545 939 3614; x_wconf 86' lang='lat' dir='ltr'><strong>unquam</strong></span> <span class='ocrx_word' id='word_1_211' title='bbox 960 3531 1077 3612; x_wconf 78' lang='lat' dir='ltr'><strong>magis,</strong></span> <span class='ocrx_word' id='word_1_212' title='bbox 1107 3545 1145 3596; x_wconf 91' lang='lat' dir='ltr'><strong>ut</strong></span> <span class='ocrx_word' id='word_1_213' title='bbox 1166 3534 1361 3615; x_wconf 67' lang='lat' dir='ltr'><strong>excepticia</strong></span> 
     </span>
     <span class='ocr_line' id='line_1_29' title="bbox 335 3647 1364 3729; baseline 0.001 -20"><span class='ocrx_word' id='word_1_214' title='bbox 335 3647 497 3725; x_wconf 83' lang='lat' dir='ltr'><strong>cognitum</strong></span> <span class='ocrx_word' id='word_1_215' title='bbox 519 3658 583 3725; x_wconf 90' lang='lat' dir='ltr'><strong>est,</strong></span> <span class='ocrx_word' id='word_1_216' title='bbox 612 3658 792 3729; x_wconf 77' lang='lat' dir='ltr'><strong>paventem.</strong></span> <span class='ocrx_word' id='word_1_217' title='bbox 844 3647 964 3729; x_wconf 22' lang='lat' dir='ltr'><strong>,quippe</strong></span> <span class='ocrx_word' id='word_1_218' title='bbox 984 3647 1119 3711; x_wconf 81' lang='lat' dir='ltr'><strong>invictos</strong></span> <span class='ocrx_word' id='word_1_219' title='bbox 1132 3654 1172 3710; x_wconf 89' lang='lat' dir='ltr'><strong>&#39;et</strong></span> <span class='ocrx_word' id='word_1_220' title='bbox 1192 3647 1296 3709; x_wconf 72' lang='lat' dir='ltr'><strong>nullis</strong></span> <span class='ocrx_word' id='word_1_221' title='bbox 1310 3668 1364 3710; x_wconf 78' lang='lat' dir='ltr'><strong>ca·</strong></span> 
     </span>
     <span class='ocr_line' id='line_1_30' title="bbox 335 3759 1365 3853; baseline 0.001 -30"><span class='ocrx_word' id='word_1_222' title='bbox 335 3759 424 3825; x_wconf 86' lang='lat' dir='ltr'><strong>sibus</strong></span> <span class='ocrx_word' id='word_1_223' title='bbox 457 3763 650 3842; x_wconf 78' lang='lat' dir='ltr'><strong>superabiles</strong></span> <span class='ocrx_word' id='word_1_224' title='bbox 677 3762 854 3827; x_wconf 78' lang='lat' dir='ltr'><strong>‚Romanos</strong></span> <span class='ocrx_word' id='word_1_225' title='bbox 875 3759 1118 3853; x_wconf 81' lang='lat' dir='ltr'><strong>praedicabant,</strong></span> <span class='ocrx_word' id='word_1_226' title='bbox 1150 3762 1208 3847; x_wconf 84' lang='lat' dir='ltr'><strong>qui</strong></span> <span class='ocrx_word' id='word_1_227' title='bbox 1238 3759 1365 3845; x_wconf 77' lang='lat' dir='ltr'><strong>perdita</strong></span> 
     </span>
     <span class='ocr_line' id='line_1_31' title="bbox 335 3875 1364 3962; baseline -0.006 -19"><span class='ocrx_word' id='word_1_228' title='bbox 335 3875 593 3955; x_wconf 75' lang='lat' dir='ltr'><strong>olasse,amissis</strong></span> <span class='ocrx_word' id='word_1_229' title='bbox 615 3877 727 3956; x_wconf 87' lang='lat' dir='ltr'><strong>armis,</strong></span> <span class='ocrx_word' id='word_1_230' title='bbox 749 3891 822 3960; x_wconf 89' lang='lat' dir='ltr'><strong>post</strong></span> <span class='ocrx_word' id='word_1_231' title='bbox 845 3888 1003 3942; x_wconf 89' lang='lat' dir='ltr'><strong>constrata</strong></span> <span class='ocrx_word' id='word_1_232' title='bbox 1023 3897 1181 3962; x_wconf 84' lang='lat' dir='ltr'><strong>equorum</strong></span> <span class='ocrx_word' id='word_1_233' title='bbox 1199 3876 1364 3942; x_wconf 72' lang='lat' dir='ltr'><strong>virorum·-</strong></span> 
     </span>
     <span class='ocr_line' id='line_1_32' title="bbox 336 3986 1365 4074; baseline -0.001 -22"><span class='ocrx_word' id='word_1_234' title='bbox 336 4006 400 4073; x_wconf 86' lang='lat' dir='ltr'><strong>que</strong></span> <span class='ocrx_word' id='word_1_235' title='bbox 427 3991 615 4074; x_wconf 88' lang='lat' dir='ltr'><strong>corporibus</strong></span> <span class='ocrx_word' id='word_1_236' title='bbox 643 3990 737 4055; x_wconf 83' lang='lat' dir='ltr'><strong>litora</strong></span> <span class='ocrx_word' id='word_1_237' title='bbox 769 3986 879 4053; x_wconf 84' lang='lat' dir='ltr'><strong>eadem</strong></span> <span class='ocrx_word' id='word_1_238' title='bbox 909 3989 1044 4067; x_wconf 81' lang='lat' dir='ltr'><strong>virtute,</strong></span> <span class='ocrx_word' id='word_1_239' title='bbox 1076 3990 1147 4073; x_wconf 88' lang='lat' dir='ltr'><strong>pari</strong></span> <span class='ocrx_word' id='word_1_240' title='bbox 1179 3987 1297 4053; x_wconf 83' lang='lat' dir='ltr'><strong>ferocia</strong></span> <span class='ocrx_word' id='word_1_241' title='bbox 1331 3998 1365 4051; x_wconf 90' lang='lat' dir='ltr'><strong>et</strong></span> 
     </span>
     <span class='ocr_line' id='line_1_33' title="bbox 338 4103 914 4188; baseline -0.003 -20"><span class='ocrx_word' id='word_1_242' title='bbox 338 4104 437 4169; x_wconf 83' lang='lat' dir='ltr'><strong>veluti</strong></span> <span class='ocrx_word' id='word_1_243' title='bbox 459 4105 543 4171; x_wconf 89' lang='lat' dir='ltr'><strong>aucti</strong></span> <span class='ocrx_word' id='word_1_244' title='bbox 562 4126 697 4170; x_wconf 88' lang='lat' dir='ltr'><strong>numero</strong></span> <span class='ocrx_word' id='word_1_245' title='bbox 717 4103 914 4188; x_wconf 82' lang='lat' dir='ltr'><strong>irrupissent.</strong></span> 
     </span>
    </p>
   </div>
   <div class='ocr_carea' id='block_1_5' title="bbox 0 0 1490 4775">
    <p class='ocr_par' dir='ltr' id='par_1_6' title="bbox 0 0 1490 4775">
     <span class='ocr_line' id='line_1_34' title="bbox 0 0 1490 4775; baseline 0 0"><span class='ocrx_word' id='word_1_246' title='bbox 0 0 1490 4775; x_wconf 95' lang='lat' dir='ltr'><strong> </strong></span> 
     </span>
    </p>
   </div>
  </div>
 </body>
</html>
