2950 4775
577 336 811 407 eruuntur
1185 296 1207 404 r

126 574 139 596 ἦ
187 519 366 579 coeuntium
389 517 573 579 absumitur.
615 516 659 581 Ut
679 521 791 581 turbae
813 512 944 599 placuit,
967 514 1132 578 considunt
1156 539 1206 578 ar-

186 632 271 694 mati.
324 630 488 692 Silentium
512 651 571 712 per
597 630 790 709 sacerdotes,
820 630 935 713 quibus
963 643 1028 691 tum
1059 643 1089 691 et
1117 650 1206 691 coer-

187 748 276 810 cendi
313 753 363 826 jus
403 761 465 826 est,
507 749 689 830 imperatur.
747 748 830 809 Mox
868 768 929 809 rex
963 747 1013 810 vel
1051 751 1205 830 princeps,
1274 771 1279 782 ¹

186 879 281 947 prout
302 878 385 926 aetas
408 866 539 946 cuique,
571 876 667 946 prout
694 863 859 941 nobilitas,
891 877 987 945 prout·
1014 861 1108 924 decus
1139 865 1205 924 bel-

183 982 304 1057 lorum,
332 991 429 1060 prout
455 977 602 1043 facundia
628 992 689 1056 est,
724 978 898 1041 audiuntur
924 977 1105 1040 auctoritate
1133 998 1205 1039 sua·

184 1094 279 1157 dendi
303 1096 400 1175 magis
422 1116 515 1179 quam
538 1092 670 1174 jubendi
690 1107 852 1176 potestate.
895 1094 922 1157 si
949 1094 1106 1175 displicuit
1133 1114 1204 1154 sen-

184 1211 297 1290 tentia,
324 1211 452 1273 fremitu
480 1223 703 1294 aspernantur3
736 1211 786 1273 sin
811 1212 943 1292 placuit,
973 1210 1107 1269 bortreas
1129 1228 1204 1268 con·

183 1329 315 1391 cutiunt.
355 1328 632 1392 honoratissimum
657 1347 801 1391 assensus
828 1348 925 1408 genus
952 1339 998 1387 est
1020 1325 1114 1386 aruris
1135 1325 1204 1385 lau·

184 1440 269 1503 dare.
310 1442 401 1504 Licet
422 1441 506 1523 apud
531 1444 697 1505 concilium
723 1462 867 1504 accusare
890 1462 1017 1523 quoque
1044 1452 1074 1502 et
1096 1437 1204 1502 discri·
1219 1454 1253 1501 12

183 1574 254 1614 men
277 1555 384 1634 capitis
407 1554 582 1617 intendere.
624 1553 794 1616 Distinctio
814 1576 989 1635 poenarum
1013 1576 1053 1615 ex
1071 1553 1203 1616 delicto:

180 1665 359 1747 proditores
381 1679 411 1728 et
433 1668 608 1747 transfugas
638 1668 805 1750 arboribus
833 1666 1044 1749 suspendunt,
1073 1668 1203 1747 ignavos

181 1793 213 1842 et
229 1783 372 1844 imbelles
393 1795 423 1844 et
446 1802 578 1864 corpore
599 1781 732 1846 infames
755 1802 854 1856 coeno
877 1781 1065 1863 superinde,
1090 1784 1203 1859 injecta

161 1896 311 1978 ‘insuper
332 1910 432 1976 crate,
454 1908 608 1977 mergunt.
653 1893 816 1959 diversitas
838 1895 983 1987 supplicii
1004 1895 1080 1956 illud
1102 1895 1202 1976 respi-

181 2011 237 2089 cit,
271 2024 420 2094 tanquam
441 2012 557 2073 seelera
579 2008 702 2074 ostendi
724 2023 885 2091 oporteat,
918 2009 994 2072 dum
1015 2009 1201 2101 puniuntur,

179 2125 295 2207 flagitia
324 2126 482 2204 abscondi.
523 2126 587 2189 Sed
613 2140 651 2210 et¹
671 2128 845 2190 levioribus
874 2125 992 2188 delictis
1020 2146 1078 2206 pro
1106 2120 1200 2184 modo

177 2261 299 2319 poena;
326 2261 479 2324 equorum
502 2262 717 2323 pecorumque
740 2262 874 2302 numero
897 2240 1029 2304 convicii
1049 2241 1200 2301 mulctan-

177 2369 241 2423 tur.
283 2377 355 2437 pars
376 2358 509 2421 mulctae
531 2357 599 2438 regi
619 2358 671 2421 vel
693 2357 826 2436 civitati,
855 2377 928 2438 pars
949 2358 1026 2438 ipsi,
1053 2354 1109 2439 qui
1129 2356 1199 2419 vin·

178 2468 317 2550 dicatur,
345 2472 397 2535 vel
424 2471 612 2554 propinquis
641 2477 707 2549 ejus
738 2472 920 2535 exsolvitur.
969 2471 1136 2552 Eliguntur
1166 2470 1199 2530 in

176 2584 288 2648 iisdem
315 2585 453 2648 conciliis
477 2597 508 2646 et
529 2585 703 2666 principes,
734 2586 790 2668 qui
810 2590 881 2663 jura
902 2609 959 2668 per
984 2604 1078 2666 pagos
1098 2584 1199 2644 vicos·

178 2723 239 2785 que
266 2698 411 2761 reddunt.
454 2700 577 2761 centeni
606 2699 734 2780 siugulis
765 2702 919 2782 explebe
942 2699 1069 2761 comites
1098 2698 1199 2759 cousi-

175 2818 254 2879 lium
274 2817 367 2878 simul
388 2828 419 2878 et
440 2815 606 2880 auctoritas
628 2815 750 2879 adsunt.

259 2932 349 2994 Nihil
369 2944 471 2996 autem
496 2954 600 3017 neque
618 2935 762 3016 publicae
783 2951 887 3015 neque
908 2929 1047 3011 privatae
1070 2927 1117 2988 rei
1138 2924 1246 2990 uisi13

177 3048 288 3109 armati
309 3059 413 3128 agunt.
456 3046 511 3111 sed
531 3071 617 3111 arma
639 3068 762 3111 sumere
784 3069 849 3111 non
872 3059 943 3109 ante
962 3046 1107 3127 cuiquam
1129 3063 1197 3103 mo·

175 3164 235 3238 ris,
262 3184 355 3246 quam
379 3163 485 3227 civitas
506 3166 710 3226 suffecturum
735 3164 927 3244 probaverit.
969 3163 1052 3222 Ttmr
1073 3161 1105 3220 iu
1127 3161 1197 3239 ipso

176 3279 308 3340 concilio
330 3280 380 3341 vel
401 3277 580 3359 principum
606 3277 718 3361 aliquis
744 3278 795 3340 vel
814 3287 906 3357 pater
925 3278 977 3339 vel
997 3272 1196 3355 propinquus

175 3408 262 3456 scuto
285 3395 466 3477 frameaque
486 3397 632 3470 juvenem
655 3405 785 3471 ornant;
815 3393 892 3454 haec
914 3388 999 3472 apud
1019 3391 1090 3450 illos
1116 3401 1198 3483 toga,

174 3508 225 3569 hic
246 3508 366 3589 primus
385 3512 531 3585 juventae
552 3509 674 3569 honos:
697 3520 768 3569 ante
787 3507 848 3569 hoc
864 3504 975 3569 domus
993 3525 1065 3588 pars
1086 3501 1198 3568 viden·

173 3637 239 3702 tur,
267 3644 345 3686 mox
368 3624 570 3705 reipublicae.
610 3622 743 3703 Insignis
765 3623 911 3686 nobilitas
934 3634 988 3683 aut
1008 3641 1120 3700 magna
1140 3639 1196 3699 pa-

173 3753 257 3803 trum
285 3738 398 3800 merita
421 3737 572 3818 principis
603 3735 816 3818 dignationem
840 3737 934 3798 etiam
961 3732 1195 3796 adolescentulis

82 3907 84 3911 ,
143 3844 147 3851 .
175 3856 348 3935 assignant3
376 3849 486 3913 ceteris
514 3850 745 3912 robustioribus
767 3873 802 3914 ac
827 3855 889 3930 jam
911 3847 1034 3932 pridem
1054 3846 1195 3930 probatis

175 3979 395 4048 aggregantur,
427 3985 484 4026 nec
515 3964 617 4025 rubor
648 3963 731 4026 inter
764 3966 892 4028 comites
924 3962 1030 4043 aspici.
1080 3959 1194 4042 gradm

175 4080 252 4165 quin
285 4083 376 4143 etiam
408 4077 474 4161 ipse
507 4078 670 4143 comitatus
703 4081 798 4143 habet
830 4075 945 4157 judicio
980 4080 1062 4153 ejus,
1101 4096 1196 4160 qttem
