2950 4775
469 384 531 451 ux
555 383 792 459 HISTORIIS
1100 384 1142 451 st

119 582 301 636 romanam,
333 570 366 620 ut
394 556 542 622 Treveris
570 556 665 622 etiam
692 555 953 642 Lingonibusque
984 554 1144 640 despectui

120 679 172 741 sit.
215 694 376 758 superesse
396 671 474 737 {idas
494 674 692 758 provincias,
720 672 856 738 uictores
878 674 1050 753 exercitus,
1077 674 1144 737 Ior-

121 807 231 857 tunam
256 786 382 871 imperii
404 799 435 850 et
456 789 573 851 ultores
597 785 683 850 deos.
728 786 773 848 sic
795 787 872 849 olim
891 787 1091 851 Sacrovirum
1113 798 1145 855 et

123 903 267 979 Aeduos,
299 922 403 984 nuper
436 898 604 964 Vindicem
635 898 819 985 Galliasque
854 897 983 980 empuis
1016 899 1146 982 proeliis

124 1015 308 1082 concidisse.
349 1010 459 1077 eadem
479 1032 591 1076 rursus
611 1013 763 1091 numina,
785 1008 895 1075 eadem
917 1013 984 1076 iate
1000 1023 1146 1094 ruptores

123 1132 290 1198 foederum
310 1140 538 1212 exspectarent.
584 1129 696 1192 melius
718 1125 792 1193 divo
812 1129 897 1193 tutto
918 1126 1056 1213 divoque
1080 1129 1146 1191 Au·

123 1260 216 1330 gusto
238 1256 330 1309 notos
354 1264 466 1307 eorum
486 1241 625 1308 animos:
656 1241 791 1305 Galbam
812 1253 843 1305 et
868 1240 1004 1304 infracta
1029 1242 1147 1305 tributa

123 1362 254 1425 hostiles
278 1357 406 1441 spiritus
426 1353 576 1420 induisse.
617 1375 704 1418 nunc
724 1356 847 1434 hostes,
868 1355 944 1442 quia
965 1356 1061 1420 molle
1082 1379 1147 1420 ser·

123 1477 253 1556 vitium,
287 1494 385 1558 quum
413 1471 538 1554 spoliati
566 1471 717 1562 exutique
746 1471 883 1553 fuerint,
915 1473 1032 1540 amicos
1059 1474 1148 1538 iore)

125 1595 215 1659 Haec
245 1591 394 1655 ferociter
422 1590 547 1652 locutus
580 1599 749 1672 postquam
777 1599 919 1671 perstare
947 1589 982 1651 in
1017 1589 1149 1672 perfidia

127 1706 298 1771 Classicum
325 1705 539 1787 Tutoremque
569 1700 672 1783 videt,
705 1720 801 1768 terso
830 1701 944 1767 itinere
973 1702 1148 1768 Noresium

127 1820 281 1887 concedit.
323 1820 408 1884 Gelli
427 1818 527 1883 duum
546 1819 680 1882 millium
702 1819 805 1903 spatio
826 1818 1012 1886 distantibus
1032 1823 1149 1903 campis

127 1934 308 2000 consedere.
348 1935 424 1999 illuc
447 1933 688 1999 commeantium
707 1934 930 2000 ceuttqunum
951 1936 1150 2020 militumque

129 2055 316 2115 emebantur
344 2049 458 2130 animi,
498 2065 534 2115 ut
565 2047 729 2136 (flagitium
760 2048 967 2134 incognimm)
999 2073 1150 2118 mmauus

131 2167 288 2230 exercitus
307 2140 343 2227 in
364 2175 494 2227 externa
513 2162 613 2227 verba
630 2166 775 2242 jurarent
790 2163 968 2250 pignusque
985 2167 1066 2230 tanti
1084 2186 1152 2230 sce.

128 2282 205 2344 loris
220 2302 296 2343 nece
314 2293 368 2343 aut
381 2278 513 2344 vinculis
533 2278 708 2360 legatorum
722 2278 863 2342 daretur.
903 2280 1037 2354 Vocula,
1051 2302 1153 2366 quam

130 2416 228 2481 quam
246 2393 390 2479 plerique
411 2396 516 2475 fugam
536 2392 721 2473 suadebant,
741 2390 922 2459 audendum
938 2407 1026 2462 ratus
1043 2411 1153 2462 vocata

128 2511 282 2575 concione
302 2508 337 2572 in
357 2510 444 2572 hunc
466 2506 597 2572 modum
618 2506 775 2572 disseruit.

215 2625 397 2708 ‘Nunquam
419 2617 504 2704 apud
528 2639 588 2683 vos
613 2622 712 2687 verba
731 2617 794 2684 ieci
814 2629 869 2684 aut
892 2640 954 2704 pro
977 2620 1070 2685 vobis
1090 2620 1154 2683 sol·
1167 2652 1238 2715 mg

126 2738 246 2803 licitior
265 2751 320 2803 aut
341 2759 401 2822 pro
424 2759 475 2800 me
495 2737 646 2802 securior.
688 2756 763 2801 nem
789 2734 868 2799 mihi
893 2734 1024 2801 exitium
1047 2738 1155 2819 parari

128 2857 233 2920 libens
255 2853 350 2918 audio
370 2865 568 2937 mortemque
590 2850 625 2914 in
641 2862 689 2915 tot
708 2851 798 2915 malit
821 2851 994 2934 hospitium
1011 2864 1042 2917 et
1058 2851 1155 2915 finem

129 2971 329 3034 miseriarum
350 2945 511 3051 exspecto.
557 2965 654 3031 vestri
673 2986 724 3028 me
744 2962 843 3049 pudet
863 2966 1070 3050 miseretque,
1099 2963 1155 3027 ad·

129 3103 241 3148 versus
265 3101 344 3166 quos
365 3101 431 3144 non
458 3081 617 3163 proelium
645 3092 677 3143 et
705 3081 788 3145 acies
815 3091 970 3163 petuntur
996 3077 1043 3166 (id
1071 3080 1155 3142 enim

130 3198 180 3259 fas
207 3216 366 3260 armorum
393 3206 424 3259 et
447 3201 498 3273 jus
526 3196 662 3259 hostium
692 3191 768 3279 est),
798 3197 917 3260 bellum
943 3217 1014 3259 cum
1034 3196 1155 3278 populo

131 3331 268 3377 romano
298 3309 409 3375 vestris
441 3330 474 3374 se
502 3308 650 3372 manibus
676 3320 838 3390 gesturum
868 3309 1022 3373 Classicus
1052 3323 1157 3392 sperat

130 3424 365 3509 imperiumque
387 3437 418 3488 et
445 3439 674 3489 sacramentum
695 3424 869 3488 Galliarum
889 3436 1034 3490 ostentat.
1075 3424 1154 3488 adeo

131 3558 211 3616 nos,
241 3536 268 3600 si
292 3537 422 3600 fortuna
449 3537 483 3599 in
509 3558 658 3620 praesens
685 3537 850 3621 virtusque
877 3533 1032 3618 deseruit,
1062 3538 1155 3601 etiam

131 3662 241 3714 vetera
269 3652 414 3732 exempla
443 3647 611 3713 deficiunt?
661 3650 807 3735 quotiens
838 3671 988 3715 romanae
1019 3652 1157 3734 leglenes

132 3767 241 3847 perire
262 3766 520 3849 praeoptaverint
543 3788 584 3829 ne
610 3768 680 3832 loco
705 3763 922 3851 pellerentur?
963 3769 1041 3833 socii
1066 3790 1159 3851 saepe

133 3879 237 3941 nostri
258 3876 402 3942 exscindi
431 3881 526 3942 urbes
557 3898 629 3943 suas
650 3900 749 3964 seque
768 3902 842 3945 cum
862 3881 1048 3965 conjugibus
1065 3904 1102 3946 ac
1122 3884 1161 3945 li·

131 3995 219 4056 beris
246 3994 378 4058 cremari
402 3995 618 4077 pertulerunt,
649 4015 753 4080 neque
783 3992 869 4059 aliud
893 3995 1030 4078 pretium
1060 3997 1162 4060 exitus

88 4189 92 4194 ³
132 4129 231 4193 quam
261 4107 338 4174 fides
368 4110 525 4196 famaque.
575 4111 727 4184 Tolerant
756 4132 828 4178 cum
857 4113 994 4178 mamma
1023 4113 1163 4195 inoptam

854 4236 873 4291 7
