2950 4775
274 435 276 437 ,
343 353 405 420 ns
684 349 1007 419 numerosus

341 521 512 587 cusandum
533 523 636 587 habeo
656 542 753 606 quam
773 519 860 606 quod
882 541 939 587 vos
960 521 1063 602 gallici
1084 519 1220 586 foederis
1242 524 1362 589 oblitos

340 639 459 703 redisse
479 638 514 701 in
536 638 719 702 memoriam
739 639 864 702 romani
885 640 1069 702 sacramenti
1091 654 1207 703 temere
1229 641 1362 705 credidi.

342 758 575 818 annumerabor
602 753 754 817 Numisiis
785 765 816 816 et
844 754 1031 832 Herenniis,
1064 767 1100 818 ut
1132 775 1240 819 omnes
1269 758 1363 837 legati

342 871 438 936 vestri
458 883 513 933 sut
534 868 669 933 militnm
689 869 835 933 manibus
857 883 911 933 aut
930 870 1069 933 hostium
1090 866 1268 932 ceciderint.
1308 870 1363 950 ite,

342 984 484 1049 nuntiate
510 983 705 1066 Vespasiano
736 985 806 1064 rel,
840 982 927 1069 quod
955 983 1088 1066 propius
1117 995 1179 1062 est,
1210 982 1306 1048 Civili
1333 996 1365 1048 et

343 1098 481 1163 Classico
508 1099 652 1162 relictum
681 1098 814 1165 avobis
843 1098 879 1163 in
907 1097 973 1164 acie
1001 1095 1123 1161 ducem.
1165 1098 1295 1163 venient
1318 1101 1364 1162 le·
1463 1166 1464 1169 ,

342 1216 451 1297 giones
482 1235 564 1299 quae
592 1234 697 1300 neque
724 1236 775 1279 me
803 1214 940 1279 inultum
971 1233 1076 1297 nsque
1103 1232 1161 1278 ros
1188 1211 1365 1296 impunitos

343 1329 521 1413 patiantur.’

260 1456 286 1520 4,
294 1457 331 1508 te
427 1445 514 1509 Vera
534 1454 624 1508 erant
646 1456 677 1508 et
697 1468 716 1508 a
736 1443 872 1509 tribunis
894 1442 1122 1529 praefectisque
1144 1439 1253 1506 eadem
1276 1441 1365 1523 inge·

344 1559 506 1621 rebantur.
549 1557 731 1622 Consistunt
751 1579 810 1640 per
827 1559 970 1621 cohortes
992 1568 1024 1619 et
1040 1558 1236 1640 manipulos:
1260 1578 1364 1640 neque

345 1671 429 1733 enim
449 1685 596 1754 poterant
615 1684 776 1752 patescere
799 1668 880 1732 acies
901 1669 1002 1733 effuso
1022 1671 1111 1734 hoste
1139 1681 1172 1733 et
1191 1669 1367 1753 impedien-

344 1784 429 1847 tibus
449 1784 590 1849 tentoriis
612 1782 821 1866 sarcinisque,
844 1804 944 1867 quum
964 1783 1047 1846 intra
1069 1784 1189 1848 vallum
1209 1806 1366 1867 pugnare·

346 1909 408 1962 tur.
457 1899 559 1962 Tutor
590 1910 622 1963 et
650 1897 805 1962 Classicus
834 1910 865 1962 et
894 1895 1003 1963 Civilis
1032 1898 1097 1962 suis
1123 1898 1257 1984 quisque
1284 1898 1366 1962 locis

288 2094 291 2099 Ι
345 2033 483 2094 pugnam
504 2013 643 2092 ciebant,
664 2013 772 2078 Gallos
794 2035 854 2096 pro
873 2012 1036 2091 libertato,
1058 2014 1193 2079 Batavos
1215 2032 1276 2095 pro
1297 2012 1366 2092 glo·

344 2126 411 2204 ria,
437 2123 610 2188 Germanos
637 2124 677 2188 ad
705 2125 854 2209 praedam
882 2123 1073 2206 instigantes.
1113 2128 1154 2189 Et
1174 2139 1285 2189 cuncta
1306 2146 1366 2209 pro
1465 2196 1466 2201 γ

345 2239 490 2303 hostibus
521 2252 626 2318 erant,
662 2238 762 2303 donec
796 2241 877 2322 legio
913 2243 1155 2307 unaetvicesima
1191 2244 1367 2327 patentiore

348 2374 443 2438 quam
465 2367 584 2419 ceterae
605 2354 707 2439 spatio
733 2358 919 2440 conglobata
939 2357 1087 2422 sustinuit
1111 2370 1256 2439 ruentes,
1290 2380 1367 2424 mox

344 2469 480 2552 impulit.
519 2470 587 2535 Nee
614 2472 683 2535 sine
712 2493 773 2556 ope
804 2471 912 2537 divina
939 2471 1065 2537 mutetis
1095 2488 1225 2557 repente
1255 2474 1368 2539 animis

345 2597 433 2666 terga
447 2588 582 2650 victores
595 2599 728 2663 vertere.
770 2586 832 2671 ipsi
850 2587 975 2653 territos
992 2610 1025 2653 se
1045 2588 1223 2653 cohortium
1240 2600 1368 2671 aspectu

337 2701 508 2781 ,fer-ebant,
536 2723 618 2786 quae
645 2702 750 2785 primo
777 2704 898 2787 impetu
925 2702 1071 2786 disjectam
1097 2705 1228 2771 summis
1255 2726 1367 2771 rursus

345 2815 425 2896 jugis
453 2817 723 2897 congregabantur
748 2839 785 2880 ac
811 2818 947 2901 speciem
974 2819 1053 2884 nori
1081 2819 1193 2883 auxilii
1219 2819 1370 2884 fecerant.

348 2925 411 2990 Sed
445 2927 564 2992 obstitit
594 2930 794 2993 vincentibus
823 2953 958 3013 pravum
986 2930 1070 2996 inter
1094 2932 1182 3015 ipsos
1212 2946 1369 2998 certamen
1463 2909 1464 2922 ἵ

349 3043 465 3106 onrisso
494 3045 584 3108 hoste
616 3046 716 3128 spolia
747 3044 955 3111 consectandi.
1012 3046 1143 3111 Cerialis
1178 3061 1215 3111 ut
1246 3045 1368 3111 incuria
1463 3093 1464 3096 κ

348 3177 449 3239 prope
471 3176 522 3219 res
544 3157 665 3238 afflictis,
685 3163 729 3225 ita
750 3131 924 3227 constaniia
943 3162 1077 3226 restituit
1092 3175 1283 3247 secutusque
1301 3163 1369 3227 fer·

348 3283 457 3334 tunam
480 3283 580 3335 castra
602 3273 740 3337 hostium
763 3273 874 3338 eodem
896 3273 947 3337 die
969 3274 1052 3357 capit
1072 3272 1299 3359 exscinditque.

265 3407 335 3472 4,ts
433 3384 501 3449 Nec
528 3385 564 3447 in
590 3388 721 3467 longum
750 3386 839 3471 quies
868 3386 960 3450 militi
989 3385 1071 3451 data.
1122 3390 1256 3451 orabant
1279 3386 1371 3450 auxi-

348 3498 427 3563 lium
454 3500 700 3584 Agrippinenses
730 3502 968 3588 offerebantque
997 3524 1130 3567 uxorem
1160 3527 1196 3568 se
1225 3524 1370 3569 sororem
1449 3565 1451 3586 ,

350 3611 458 3677 Civilis
485 3628 516 3679 et
534 3613 631 3678 filiam
653 3614 798 3697 Classici,
829 3618 936 3682 relicta
963 3617 1024 3681 srlsi
1048 3617 1180 3701 pignora
1205 3619 1371 3681 societatis.
1449 3641 1452 3708 l

251 3764 255 3770 ·
350 3738 445 3810 atque
469 3728 595 3793 interim
620 3728 777 3814 dispersos
803 3734 838 3795 in
860 3732 1005 3797 domninus
1033 3733 1208 3798 Germanos
1232 3732 1372 3799 trucida·
1450 3727 1452 3766 ¹

350 3855 476 3905 verant:
508 3841 592 3907 unde
614 3856 713 3907 metus
736 3858 767 3908 et
786 3847 885 3924 justae
905 3866 1013 3929 preces
1032 3847 1263 3925 invocantium,
1284 3857 1373 3911 ante·
1451 3871 1452 3880 ¹

351 3974 446 4036 quam
468 3956 572 4020 hostes
596 3961 748 4042 reparatis
770 3960 891 4027 uiribus
912 3961 953 4025 ad
975 3983 1062 4045 spem
1085 3963 1137 4026 vel
1158 3959 1199 4024 ad
1217 3962 1374 4025 ultionem

352 4068 597 4150 accingerentur.
639 4093 775 4158 namque
799 4085 829 4136 et
854 4072 962 4140 civilis
983 4073 1057 4143 illuc
1078 4074 1274 4153 intenderat,
1305 4095 1374 4140 non
