2950 4775
259 589 331 654 aas

341 404 387 471 52
680 402 741 469 nx
766 403 1019 473 ANNALIBUS

430 574 473 660 (a.
497 572 551 657 19)
581 575 669 637 Dum
694 594 730 636 ea
752 587 851 638 aestas
874 576 1060 640 Germanico
1080 576 1188 659 plures
1210 598 1268 660 per
1289 600 1363 661 pro-

342 688 460 755 vincias
488 687 685 769 transigitur,
714 687 802 752 haud
829 691 899 757 leve
928 689 1024 754 decus
1054 692 1180 756 Drusus
1208 694 1364 777 quaesiuit

340 802 470 865 illiciens
492 801 666 866 Germanos
688 799 728 864 ad
751 799 939 883 discordias,
967 817 1065 888 utque
1086 806 1186 869 fracto
1207 810 1270 883 jam
1290 806 1362 868 Ma·

340 913 484 981 roboduo
507 936 607 999 usque
627 915 661 978 in
683 916 816 979 exitium
836 916 1045 980 insisteretur.
1084 918 1160 981 Erat
1187 920 1269 981 inter
1296 918 1361 981 Go-

338 1032 452 1093 thones
474 1030 588 1092 nobilis
611 1029 736 1108 juvenis
759 1029 887 1092 nomine
912 1029 1081 1112 Catualda,
1109 1034 1262 1115 profugus
1284 1034 1361 1095 olim

337 1145 371 1209 vi
386 1142 590 1222 Marobodui,
612 1154 643 1206 et
661 1156 737 1207 tunc
756 1141 859 1206 dubiis
878 1146 974 1206 rebus
995 1149 1062 1225 ejus
1082 1145 1234 1209 ultionem
1254 1167 1361 1210 ansus.

337 1263 367 1324 ls
397 1260 501 1326 ualida
535 1280 631 1323 manu
664 1257 743 1322 fines
775 1260 1054 1324 Marcomanorum
1083 1260 1258 1341 ingreditur
1290 1283 1361 1325 cor·

336 1371 501 1456 ruptisque
524 1371 716 1454 primoribus
737 1369 777 1433 ad
802 1371 982 1436 societatem
1001 1374 1149 1456 irrumpit
1167 1378 1286 1456 regiam
1307 1398 1359 1438 ca·

336 1489 522 1571 stallumque
551 1490 642 1566 juxta
668 1486 773 1551 situm.
815 1500 938 1551 veteres
968 1488 1032 1549 illic
1062 1485 1241 1554 suevorum
1265 1512 1358 1572 prae·

336 1603 393 1668 dae
418 1618 449 1667 et
471 1602 586 1667 nostris
602 1625 623 1665 vc
646 1602 816 1686 provinciis
836 1602 920 1666 lixae
947 1626 982 1667 aa
1003 1602 1211 1686 negotiatores
1230 1606 1358 1689 reperti,

335 1739 416 1802 quos
435 1723 485 1797 jus
505 1718 691 1795 commercii,
716 1713 790 1778 dein
811 1715 925 1807 cupido
946 1715 1081 1798 augendi
1099 1718 1274 1800 pecuniam,
1297 1739 1357 1804 po·

233 1873 235 1877 »
333 1844 483 1895 stremum
505 1832 623 1898 obliuio
644 1829 766 1912 patriae
785 1832 850 1894 suis
868 1853 1027 1917 quemque
1047 1835 1087 1897 ab
1108 1831 1237 1899 sedibus
1255 1834 1356 1899 hosti·

249 2073 337 2140 2,63

332 1949 426 2012 lem
416 1970 451 2029 m
473 1968 584 2028 agrum
602 1944 815 2010 transtulerat.
997 1997 1000 2000 ,

388 2060 636 2144 illaroboduo¹
645 2058 796 2145 undique
819 2058 943 2126 deserto
972 2081 1041 2144 ιιοιι
1068 2061 1158 2128 aliud
1166 2007 1355 2150 subsidium

331 2197 436 2260 quam
441 2174 656 2258 misericordia
663 2178 803 2258 caesaris
815 2178 908 2250 fuit
925 2190 1139 2260 uansgmssus
1156 2180 1354 2264 Danubium,

334 2313 397 2373 qua
417 2292 558 2358 raficam
577 2292 957 2377 provinciampraettuit,
978 2295 1108 2377 scripsit
1119 2295 1267 2371 Tiberio,
1285 2316 1355 2359 non

333 2418 368 2467 ut
388 2410 541 2489 profugus
563 2421 616 2477 aut
636 2410 785 2491 supplex,
807 2405 862 2472 sed
883 2428 927 2471 ex·
943 2408 1095 2472 memoria
1113 2409 1230 2492 prioris
1251 2409 1354 2471 fortu-

331 2540 408 2584 nae:
439 2543 512 2585 nam
539 2522 645 2592 multis
674 2522 854 2586 nationibus
883 2523 1087 2587 clarissimum
1113 2520 1275 2609 quondam
1300 2544 1354 2587 re·

329 2658 400 2717 gem
429 2635 469 2701 ad
496 2658 530 2700 se
559 2641 745 2703 vocantibus
773 2660 936 2703 romanam
963 2639 1129 2703 amicitiam
1157 2639 1353 2722 praetulisse.

329 2753 567 2837 Responsuma
588 2776 728 2834 caesare,
749 2768 848 2818 tutam
869 2754 899 2816 ei
920 2757 1169 2840 honoratamque
1188 2753 1294 2819 sedem
1316 2754 1354 2816 in

328 2870 417 2932 ltalia
439 2871 518 2950 fore,
541 2870 569 2932 si
588 2884 745 2934 maneret:
768 2871 817 2933 sin
837 2873 933 2936 rebus
955 2875 1021 2948 ejus
1044 2868 1130 2932 aliud
1151 2866 1350 2946 conduceret,

329 2984 487 3049 abiturum
509 2983 570 3048 fide
591 3006 656 3067 qua
673 2982 821 3047 venisset.
863 2996 998 3046 ceterum
1020 2980 1105 3064 apud
1126 2994 1268 3044 senatum
1285 2979 1352 3042 dis-

328 3099 427 3161 seruit
447 3118 513 3160 non
533 3097 716 3179 Philippum
736 3094 997 3174 Atheniensibus,
1025 3116 1092 3159 non
1111 3097 1271 3179 Pyrrhum
1295 3107 1352 3157 aut

327 3211 516 3276 Antiochum
545 3213 666 3295 populo
696 3211 842 3275 Romano
871 3209 1004 3293 perinde
1032 3208 1217 3273 metuendos
1241 3208 1352 3272 fuisse.

326 3323 436 3389 Exstat
458 3327 576 3406 oratio,
608 3348 672 3410 qua
692 3324 939 3408 magnitudinem
961 3326 1038 3406 viri,
1067 3326 1251 3390 violentiam
1271 3326 1351 3386 sub·

323 3443 474 3518 jectarum
496 3442 526 3504 ei
554 3441 693 3523 gentium
717 3453 749 3504 et
770 3461 866 3524 quam
894 3439 1095 3522 propinquus
1119 3437 1226 3500 Italiae
1247 3437 1349 3500 hostis

323 3574 442 3637 suaque
470 3555 505 3617 in
533 3553 723 3618 destruendo
754 3574 792 3617 eo
815 3544 944 3617 consih⁶a
965 3555 1086 3616 exmlit.
1132 3550 1173 3614 Et
1193 3552 1350 3614 Marobo-

323 3665 405 3731 duus
429 3668 555 3754 quidem
576 3668 902 3744 Ravennae'habitus,
924 3666 951 3730 si
973 3664 1101 3750 quando
1122 3665 1350 3728 insolescerent

322 3777 434 3881 Sueyi,
469 3782 559 3864 quasi
589 3779 749 3844 rediturus
779 3780 814 3841 in
846 3800 980 3858 regnum
1011 3780 1236 3842 ostentabatur.
1287 3773 1347 3840 sed

320 3916 386 3961 non
411 3896 543 3960 excessit
567 3897 656 3960 Italia
675 3917 734 3979 per
756 3893 970 3975 duodeviginti
992 3915 1093 3959 annos
1115 3892 1345 3975 consenuitque

319 4010 452 4073 multum
478 4010 643 4072 imminuta
674 4011 813 4074 claritate
844 4012 885 4074 ob
914 4009 1044 4072 nimiam
1070 4006 1198 4073 vivendi
1219 4003 1345 4088 cupidi·

318 4141 400 4184 nem.
453 4121 541 4186 Idem
575 4122 745 4188 Catualdae
776 4145 865 4188 casus
897 4145 1000 4207 neque
1033 4121 1118 4186 alind
1153 4121 1345 4204 perfugium.
