2950 4775
519 374 752 444 onRMANla
1102 375 1146 444 tt

126 572 162 613 ac
183 561 296 633 torpor
316 569 501 633 procerum:
535 549 702 615 connubiis
723 548 829 614 mixtis
850 548 996 614 nonnihil
1015 548 1048 613 in
1071 546 1146 614 Sar·

126 676 281 726 matarum
300 662 444 725 habitum
465 662 643 726 foedantur.
694 664 812 727 Veneti
832 666 967 728 multum
987 686 1027 727 ex
1047 663 1145 729 mori·

125 779 187 840 bus
216 789 395 841 traxerunt:
427 800 501 840 nam
531 776 684 862 quidquid
710 778 795 841 inter
821 779 975 842 Peucinos
1003 779 1145 843 Fennos-

127 911 189 972 que
220 890 371 956 silvarum
402 911 437 953 ao
469 891 625 953 montium
655 890 799 972 arigium,
839 889 1009 955 latrociniis
1038 913 1146 974 perer·

125 1017 208 1066 rant.
261 1004 306 1065 Hi
341 1015 446 1067 tamen
481 1005 565 1067 inter
601 1004 775 1070 Germanos
812 1005 917 1088 potius
954 1008 1146 1090 referuntur,

127 1116 202 1198 quia
224 1128 255 1178 et
276 1116 386 1179 domos
413 1116 535 1196 fingunt
558 1129 588 1181 et
612 1130 700 1181 scuta
729 1131 851 1199 gestant
872 1130 903 1182 et
923 1120 1062 1202 peditum
1084 1144 1146 1185 usu

128 1252 163 1292 ac
193 1233 376 1312 pernicitate
404 1232 554 1312 gaudent3
592 1254 673 1317 quae
705 1233 812 1295 omnia
842 1232 965 1298 diversa
996 1235 1145 1298 Sarmatis

127 1355 217 1422 sunt,
243 1344 276 1404 in
297 1347 438 1425 plaustro
462 1365 607 1427 equoque
627 1345 817 1410 viventibus.
859 1347 977 1409 Fennis
998 1346 1078 1409 mira
1099 1349 1145 1410 fe·

129 1456 220 1535 ritas,
247 1457 340 1518 foeda
361 1470 547 1540 paupertas:
582 1477 647 1551 non
669 1478 773 1535 arma,
802 1477 869 1521 non
891 1460 980 1541 equi,
1004 1480 1070 1521 non
1090 1481 1146 1542 pe·

129 1587 233 1652 nates3
265 1573 364 1637 victui
382 1576 491 1653 herba,
514 1575 641 1637 vestitui
660 1575 768 1656 pelles,
790 1575 892 1638 cubile
911 1578 1037 1637 humus.
1079 1577 1147 1641 sola

129 1689 165 1749 in
199 1689 316 1769 sagittis
346 1708 435 1772 spes,
473 1709 551 1772 quas
582 1689 691 1773 inopia
724 1690 810 1754 ferri·
837 1690 959 1755 ossibus
992 1703 1147 1773 asperant.

128 1801 275 1886 idemque
302 1815 433 1867 venatus
458 1802 545 1867 viros
566 1800 686 1884 pariter
709 1824 745 1865 ac
771 1802 903 1867 feminas
926 1805 997 1868 alit:
1031 1805 1148 1886 passim

130 1920 214 1982 enim
234 1917 422 1980 comitantur
443 1931 627 2001 partemque
647 1916 782 2001 praedae
805 1925 927 2001 petunt.
975 1919 1042 1984 Nec
1063 1919 1150 1983 aliud
1256 2009 1259 2015 .

130 2032 302 2097 infantibus
323 2034 462 2095 ferarum
481 2033 695 2118 imbriumque
723 2034 912 2116 suffugium,
944 2057 1039 2119 quam
1057 2049 1094 2098 ut
1113 2036 1149 2097 in

132 2147 237 2229 aliquo
260 2167 423 2209 ramorum
450 2168 535 2209 nexu
557 2158 772 2227 contegantur.
797 2147 881 2210 .huc
902 2146 1037 2212 redeunt
1058 2153 1149 2229 juve·

134 2279 205 2338 nes,
226 2261 287 2322 hoc
308 2280 418 2322 sanum
439 2260 679 2342 receptaculum.
721 2257 786 2323 Sed
805 2260 928 2325 beatius
950 2264 1150 2343 arbitrantur,

133 2392 227 2455 quam
249 2372 406 2453 ingemere
428 2374 518 2455 agris,
540 2371 719 2436 inlaborare
745 2372 900 2454 domibus,
923 2398 995 2440 suas
1017 2377 1150 2442 alienas·

132 2507 194 2568 qua
214 2488 356 2550 fortunas
377 2508 432 2570 spe
452 2499 600 2572 metuque
619 2509 755 2555 versare.
797 2492 899 2553 securi
921 2490 1070 2555 adversus
1092 2494 1152 2555 bo·

133 2601 248 2679 mines,
278 2601 381 2663 securi
402 2598 550 2665 adversus
571 2600 664 2678 deos,
692 2624 761 2666 rem
785 2601 999 2666 difficillimam
1020 2603 1151 2669 assecuti

133 2726 221 2792 sunt,
242 2726 279 2777 ut
299 2713 362 2776 illis
383 2735 422 2775 ns
443 2725 519 2781 toto
541 2714 670 2798 quidem
693 2737 774 2799 opus
797 2729 887 2780 esset.

218 2827 330 2891 Cetera
347 2832 412 2907 jam
432 2829 593 2892 fabulosa:
616 2831 775 2894 Hellusios
798 2844 829 2893 et
850 2829 992 2895 Oxionas
1014 2849 1071 2894 ora
1091 2831 1152 2894 ho·

133 2940 254 3003 minum
278 2942 445 3025 vultusque
452 2985 461 3019 ,
492 2962 626 3024 corpora
655 2958 748 3027 atque
770 2956 854 3007 artus
875 2946 1015 3007 ferarum
1036 2967 1153 3028 gerere.

136 3051 223 3135 quod
246 3073 302 3135 ego
324 3067 360 3119 ut
380 3054 609 3138 incompertum
630 3055 665 3117 in
688 3054 828 3120 medium
851 3059 1039 3143 relinquam.
