2950 4775
322 381 367 448 98
669 373 733 441 EX
756 371 991 443 HISTORIIS

326 553 545 638 obsidiumque
568 547 653 633 apud
671 550 790 613 Vetera
811 551 958 631 legiones,
979 570 1037 613 nec
1057 557 1179 612 terrore
1197 561 1252 613 aut
1270 569 1353 633 pro-

326 670 427 734 missis
449 666 666 731 demorentur.
705 665 807 730 Nobis
827 670 924 749 snper
944 687 1031 728 arms
1051 677 1083 727 et
1099 665 1184 729 viros
1206 677 1238 727 et
1259 658 1354 746 egre·

326 783 376 863 gio
387 796 561 846 castrorum
574 780 769 843 munimenta
782 779 975 842 frumentum
988 793 1019 843 et
1032 792 1220 843 commeatus
1235 800 1353 862 quarm

326 900 374 965 vis
401 902 497 979 longo
520 899 605 962 bello
631 915 736 979 pares.
782 894 918 978 pecunia
945 915 1048 976 nuper
1076 894 1170 958 etiam
1197 893 1351 958 donativo

328 1014 464 1091 suffecit,
487 1010 574 1096 quod
597 1010 662 1075 sive
684 1032 703 1071 a
722 1009 853 1074 Vitellio
874 1009 983 1072 datum
1003 1009 1205 1092 interpretari
1224 1012 1352 1073 mavul·

327 1130 383 1208 tis,
415 1129 453 1189 ab
475 1128 666 1208 imperatore
688 1134 771 1185 certe
793 1142 926 1184 romano
950 1122 1120 1205 accepistis.
1162 1124 1224 1186 Tot
1246 1124 1350 1186 bello·

326 1265 397 1307 rum
414 1243 558 1320 victores,
580 1238 665 1321 apud
684 1236 871 1316 Geldubam,
894 1235 979 1319 opud
997 1239 1123 1319 Vetera,
1145 1240 1216 1303 fuso
1232 1241 1350 1302 totiens

326 1363 435 1434 hoste,
463 1359 490 1422 si
516 1356 638 1441 pavetis
660 1358 776 1434 aciem,
807 1354 972 1435 indignum
993 1354 1027 1416 id
1049 1348 1192 1439 quidem:
1225 1355 1277 1420 sed
1300 1369 1352 1419 est

269 1506 273 1513 ·
326 1479 447 1540 vallum·
475 1472 620 1556 murique
653 1484 684 1533 et
714 1469 861 1534 trahendi
890 1484 987 1549 artes,
1018 1468 1118 1533 donec
1147 1491 1164 1532 e
1193 1471 1350 1552 proximis

325 1588 494 1671 provinciis
526 1586 646 1648 auxilia
675 1585 893 1667 exercitusque
924 1599 1122 1649 concurrant.
1176 1586 1258 1650 Sane
1288 1609 1348 1668 ego

327 1699 515 1783 displiceam.
557 1711 631 1761 sunt
652 1697 722 1775 alii,
748 1696 858 1776 legati,
884 1699 1004 1761 tribuni
1011 1745 1021 1778 ,
1045 1700 1189 1763 centurio
1210 1700 1347 1785 denique

327 1827 381 1878 aut
402 1815 503 1902 miles.
552 1833 593 1875 ne
618 1814 680 1874 hoc
701 1808 881 1894 prodigium
906 1826 974 1887 toto
1001 1827 1157 1878 terrarum
1179 1818 1255 1880 orbe
1275 1818 1350 1880 vul-

325 1899 424 2010 getu'r,
444 1928 537 1993 vobis
557 1927 741 1991 satellitibus
762 1926 893 1990 Civilem
914 1941 945 1990 et
966 1928 1137 1993 Classicum
1156 1931 1276 1992 Italiam
1294 1932 1348 1993 in·

324 2065 467 2110 vasuros.
522 2065 579 2121 au,
614 2043 642 2104 si
673 2040 713 2105 ad
746 2041 871 2106 moenia
900 2044 987 2107 urbis
1019 2044 1169 2107 Germani
1201 2043 1346 2128 Gallique

326 2159 489 2237 duxerint,
520 2180 608 2222 mma
634 2159 755 2241 patriae
781 2157 944 2223 inferetis?
986 2162 1097 2223 horret
1122 2161 1244 2224 animus
1264 2161 1348 2223 tanti

325 2274 434 2357 flagitii
462 2273 623 2355 imagine.>
660 2273 805 2336 Tutorin’
833 2276 974 2343 Trevero
1008 2287 1140 2354 agentur
1171 2272 1358 2340 excubiaei⁴

299 2393 447 2473 'signum
477 2392 553 2453 belli
582 2391 721 2453 Batavus
752 2386 919 2452 desistet
949 2389 1180 2456 Germanorum
1205 2404 1347 2455 catervas

324 2501 531 2589 supplebitis?
556 2506 625 2588 quis
651 2503 763 2567 deinde
786 2507 909 2568 sceleris
933 2506 1054 2585 exitus,
1077 2528 1177 2592 quum
1196 2527 1348 2570 romanae

323 2623 461 2703 legiones
489 2634 600 2685 contra
630 2617 829 2683 direxerint?
862 2624 1040 2702 transfugae
1070 2644 1087 2683 e
1115 2622 1283 2702 transfugis
1307 2633 1347 2691 et

323 2735 500 2819 proditores
530 2757 546 2796 e
575 2733 793 2817 proditoribus
822 2737 906 2799 inter
931 2751 1100 2800 recenset
1125 2751 1216 2803 vetus
1241 2759 1349 2800 sacra·

323 2863 464 2912 mentum
483 2849 578 2913 invisi
600 2850 665 2913 deis
687 2849 855 2915 errabitis?
877 2867 921 2931 te,
943 2854 1086 2936 Iuppiter
1107 2855 1222 2935 optime
1243 2854 1349 2916 maxi-

323 2983 390 3039 me,
419 2983 513 3044 quem
540 2984 598 3044 per
627 2964 820 3043 octingentos
846 2965 956 3045 vigInti
981 2987 1081 3029 annos
1105 2978 1152 3030 tot
1176 2966 1347 3048 triumphis

325 3075 487 3153 coluimus,
509 3087 548 3154 te,
570 3072 704 3151 Quirine
724 3097 874 3139 romanae
894 3100 1011 3159 parens
1035 3081 1132 3159 urbis,
1156 3101 1269 3162 precor
1289 3101 1347 3145 ve·

324 3209 483 3272 nerorqus
505 3203 553 3267 ut,
581 3191 608 3251 si
628 3190 720 3255 vobis
747 3211 813 3253 non
834 3190 895 3252 fuit
915 3190 1004 3254 cordi
1023 3214 1073 3257 me
1095 3191 1174 3255 dirce
1194 3196 1271 3257 haec
1292 3216 1347 3255 ca·

324 3315 391 3365 stra
418 3303 603 3386 incorrupta
633 3318 663 3367 et
691 3305 875 3368 intemerata
900 3305 1036 3385 servari,
1071 3321 1102 3369 at
1132 3321 1214 3370 certe
1241 3307 1346 3388 pollui

324 3418 508 3503 foedarique
537 3440 556 3479 a
584 3420 702 3481 Tutore
732 3434 764 3482 et
793 3419 929 3484 Classico
957 3444 999 3484 ne
1026 3423 1144 3486 sinatis.
1192 3423 1345 3489 militibus

322 3535 461 3598 romanis
480 3547 534 3596 aut
554 3535 766 3618 innocentiam
785 3534 864 3599 detis
883 3551 937 3602 aut
952 3551 1107 3602 maturam
1127 3554 1158 3604 et
1173 3529 1240 3605 sine
1257 3563 1346 3606 noxa

321 3651 565 3731 poenitentiam.’

238 3783 264 3843 4,
272 3782 308 3831 59
408 3766 506 3827 Varie
530 3780 660 3848 excepta
684 3768 785 3831 oratio
808 3770 890 3833 inter
914 3790 1001 3851 spem
1021 3782 1202 3853 metumque
1227 3792 1261 3833 as
1282 3791 1347 3851 pu·

323 3878 442 3940 dorem.
484 3877 666 3957 Digressum
693 3881 849 3944 Voculam
876 3895 907 3944 et
936 3880 974 3944 de
1002 3884 1155 3966 supremis
1176 3887 1348 3964 agitantem

322 3997 427 4057 liberti
455 3995 600 4078 servique
627 3999 820 4078 prohibuere
844 3996 1055 4061 foedissimam
1075 4014 1209 4064 mortem
1230 3998 1347 4080 sponte

320 4112 524 4197 praevenire,
555 4125 585 4173 et
607 4111 881 4178 Classicusemisso
902 4115 1036 4178 Aemilio
1063 4115 1208 4197 Longino
1237 4114 1350 4178 deser·
