2950 4775
325 408 369 476 st
669 404 730 472 EX
753 404 988 475 HISTORIIS

326 582 480 665 proelium
508 581 714 659 excusabant,
748 593 897 664 tanquam
927 581 1023 664 petita
1052 601 1143 663 pace,
1176 592 1349 665 postquam

327 701 518 779 negabatur,
539 694 723 778 sibimetipsi
744 695 981 758 consuluissent.

243 825 354 898 qm
394 814 520 879 Civilis
551 812 687 878 adventu
717 824 937 876 veteranarum
968 809 1144 873 cohortium
1172 812 1247 891 justi
1279 816 1346 892 jam

328 932 482 994 exercitus
503 927 631 1007 ductor,
663 926 719 992 sed
740 928 861 992 consilii
889 925 1069 1006 ambiguus,
1100 938 1131 988 et
1150 926 1217 991 rim
1238 947 1346 989 rotna-

328 1069 400 1110 nam
422 1057 588 1129 reputans,
612 1056 740 1107 cunctos
762 1045 819 1128 qui
837 1041 997 1106 aderant
985 1064 1020 1104 ιιι
1041 1043 1138 1106 verba
1157 1041 1348 1124 Vespasiani

328 1162 422 1242 adigit
450 1159 606 1242 mittitque
635 1157 753 1238 legatos
784 1154 824 1218 ad
852 1154 930 1218 duas
959 1155 1096 1234 legiones
1127 1175 1207 1238 quae
1235 1152 1346 1235 priore

328 1278 393 1340 acie
420 1279 529 1359 pulsae
550 1274 584 1335 iu
606 1273 723 1335 Vetera
749 1284 848 1335 castra
871 1282 1103 1362 concesseruut,
1132 1281 1168 1332 ut
1188 1267 1272 1330 idem
1294 1287 1346 1329 sa·

328 1406 519 1457 crementum
555 1388 740 1470 acciperent.
793 1386 948 1452 Redditur
984 1402 1187 1469 responsum,
1229 1384 1346 1467 ‘neque

328 1505 499 1589 proditoris
520 1523 623 1585 neque
645 1501 780 1563 hostium
803 1521 836 1562 se
858 1500 994 1562 consiliis
1018 1500 1083 1562 uti:
1113 1518 1180 1560 esse
1204 1497 1265 1559 sibi
1285 1496 1346 1558 Vi-

328 1621 448 1684 tellium
474 1618 667 1702 principem,
696 1637 757 1697 pro
787 1636 852 1699 quo
880 1613 973 1678 iidem
1002 1626 1035 1678 et
1059 1635 1146 1678 arma
1172 1632 1274 1696 usque
1303 1609 1345 1674 ad

327 1755 509 1817 supremum
538 1732 683 1814 spiritum
712 1744 906 1796 retenttuos:
933 1727 1067 1815 proinde
1096 1730 1229 1813 perfuga
1254 1729 1345 1790 hata-

327 1865 386 1911 vus
408 1844 572 1908 arbitrium
593 1863 701 1905 rerum
723 1862 927 1905 romanarum
949 1865 990 1906 ne
1019 1856 1138 1924 ageret,
1169 1840 1223 1905 sed
1250 1840 1348 1903 meri·

327 1970 373 2021 tas
393 1958 517 2021 sceleris
540 1976 658 2037 poenas
680 1954 891 2036 exspectaret?
937 1951 1025 2031 Quae
1045 1955 1103 2018 ubi
1121 1956 1221 2018 relata
1242 1953 1347 2034 civiti,

326 2071 472 2134 incensus
493 2071 541 2132 ira
560 2069 738 2134 uniuersam
759 2070 951 2135 Batavorum
977 2082 1102 2151 gentem
1128 2070 1163 2133 in
1186 2090 1273 2133 erma
1293 2091 1347 2131 ra·

327 2183 385 2264 pit.
424 2187 598 2263 junguntur
618 2181 762 2247 Bructeri
783 2183 1008 2268 Tencterique,
1037 2196 1069 2246 et
1097 2182 1199 2247 excita
1223 2182 1346 2246 nuntiIs

328 2298 497 2361 Germania
519 2296 558 2359 ad
579 2296 727 2379 praedam
748 2299 937 2382 famamque.

243 2444 314 2508 tm
413 2412 570 2480 Adversus
590 2415 647 2476 has
669 2413 883 2476 concurrentis
905 2412 980 2474 belli
1006 2412 1106 2476 minas
1132 2412 1225 2493 legati
1247 2410 1346 2491 legio-

326 2551 404 2591 num
423 2529 563 2591 Mumius
583 2527 747 2608 Lupercus
769 2541 800 2593 et
820 2526 982 2591 Numisius
1008 2528 1111 2591 Rufus
1131 2529 1249 2592 vallum
1273 2546 1347 2589 mu·

325 2661 441 2725 rosque
469 2642 645 2706 firmabant.
694 2641 846 2705 subversa
875 2640 987 2719 longae
1014 2642 1100 2723 pacis
1133 2661 1230 2723 opera
1257 2638 1346 2703 haud

326 2759 437 2839 procul
456 2759 563 2820 eastris
578 2758 610 2819 in
626 2755 756 2820 modum
775 2756 938 2838 municipii
954 2770 1124 2837 exstructa,
1146 2780 1185 2820 ne
1198 2758 1346 2820 hostibus

326 2872 399 2934 usui
426 2872 542 2935 forent.
585 2871 649 2936 Sed
675 2892 789 2955 parum
817 2872 980 2954 provisum
1003 2886 1038 2936 ut
1059 2874 1166 2957 copiae
1188 2874 1223 2935 in
1243 2885 1346 2936 castra

326 2989 594 3052 conveherentur:
622 2988 692 3069 rapi
719 2986 899 3069 permisere.
945 2987 994 3050 Ita
1018 2987 1126 3069 paucis
1151 2985 1261 3048 diebus
1287 3006 1347 3068 per
1460 3063 1461 3066 Ἴ

324 3101 481 3165 licentiam
513 3103 676 3185 absumpta
703 3114 778 3164 sunt
804 3122 884 3185 quae
912 3099 1061 3165 adversus
1089 3103 1285 3165 necessitates
1309 3103 1346 3164 in

324 3216 454 3293 longum
475 3215 679 3280 suffecissent.
722 3215 830 3280 Civilis
850 3214 988 3279 medium
1010 3238 1119 3298 agmen
1139 3240 1210 3282 cum
1226 3221 1346 3281 robore

324 3330 516 3394 Batavorum
532 3329 677 3398 obtinens
699 3343 864 3413 utramque
886 3329 990 3393 Rheni
1010 3332 1128 3413 ripam,
1150 3352 1215 3416 quo
1235 3344 1346 3396 trucu-

223 3423 224 3426 Ἴ
324 3441 490 3506 lentior
458 3463 529 3506 vrsu
551 3444 649 3518 foret,
679 3441 911 3506 Germanorum
932 3442 1062 3507 catervis
1087 3446 1222 3526 complet
1243 3446 1346 3507 assul-

324 3569 410 3623 tante
442 3579 501 3641 per
530 3576 657 3640 campos
687 3557 804 3641 equite.
859 3556 953 3622 simul
983 3559 1144 3621 natesin
1110 3556 1346 3623 madversum

324 3692 447 3733 amnem
470 3673 653 3752 agebantur.
693 3671 767 3731 hinc
796 3680 1015 3734 veteranarum
1046 3670 1222 3735 cohortium
1244 3672 1344 3752 signa,

324 3782 397 3847 inde
428 3783 631 3866 depromptae
662 3787 748 3849 silvis
775 3786 917 3869 lucisque
945 3786 1084 3850 ferarum
1111 3786 1277 3867 imagines,
1308 3799 1347 3849 ut

325 3899 438 3982 cuique
461 3900 545 3979 genti
566 3899 646 3964 inire
667 3902 823 3982 proelium
844 3920 913 3963 mos
935 3912 997 3965 est:
1022 3903 1126 3972 tmixta
1145 3904 1222 3966 belli
1243 3902 1346 3966 civilis

324 4015 510 4097 externique
533 4015 611 4079 facie
633 3999 907 4099 obstupefecerant
929 4017 1083 4080 obsessos.
1126 4029 1157 4081 et
1178 4037 1266 4097 spem
1284 4036 1345 4097 op-

322 4130 529 4211 pugnantium
550 4136 683 4214 augebat
711 4131 883 4219 amplitudo
911 4133 1002 4211 valli,
1034 4134 1120 4218 quod
1145 4134 1267 4200 duabus
1297 4135 1346 4196 le-
