2950 4775
339 487 372 532 lv

340 636 496 711 laborare
530 648 661 708 constet
692 660 803 740 neque
839 636 870 707 ei
903 633 1068 711 medelam
1104 634 1215 712 collati
1249 663 1363 737 nuper

339 765 420 840 libri
444 749 690 865 manuscripti
715 763 839 838 afferre
863 763 1053 856 videantur,
1079 765 1257 869 aliquoties
1277 794 1361 842 con-

340 896 440 972 tineri
466 924 537 971 non
563 896 659 997 potui
683 896 767 996 quin
789 895 954 970 veriorem
981 924 999 971 e
1023 898 1217 998 conjectura
1243 897 1362 974 lectio-

339 1056 418 1102 nem
445 1026 620 1101 restituere
646 1051 799 1099 conarer.
856 1027 963 1101 Notas
996 1026 1150 1129 adspersi
1184 1027 1363 1130 pauculas,

340 1162 400 1265 qui
441 1179 474 1235 et
515 1176 689 1259 gratanter
728 1186 914 1259 agnoscam
948 1158 1102 1235 laborem
1137 1158 1360 1235 multifarium

340 1292 499 1396 scriptori
528 1292 666 1391 egregio
694 1319 714 1365 a
740 1291 821 1366 viris
848 1287 958 1368 doctis
982 1293 1195 1395 impensum,
1229 1312 1262 1368 et
1286 1321 1362 1368 mo-

339 1423 406 1501 lem
440 1423 720 1511 annotationum,
757 1449 845 1526 quac
881 1422 1007 1503 frustra
1041 1423 1183 1523 jactatae
1215 1423 1362 1499 circum-

339 1556 515 1645 feruntur,
545 1552 727 1627 fastidiam.
786 1551 1076 1627 commentarium
1100 1551 1143 1627 de
1169 1555 1362 1628 Iscaevoni-

338 1684 416 1778 bus,
441 1682 704 1782 Ingaevonibus‚
728 1681 998 1756 Herminonibus
1015 1683 1193 1784 (nimirum
1206 1681 1362 1772 Francis,

338 1812 553 1899 saxonibus,
593 1809 783 1909 Thuringis
820 1826 976 1912 posterae
1013 1814 1148 1913 aetatis)
1185 1811 1361 1916 polliceor,

338 1942 406 2017 nisi
430 1938 747 2039 Wackernagelius
775 1956 853 2014 ante
878 1966 933 2014 me
963 1941 1080 2015 omnia
1112 1942 1178 2016 ista
1201 1941 1360 2046 expedic-

338 2075 385 2139 rit
409 2071 667 2163 absolveritquc.
723 2097 804 2136 nam
837 2071 933 2166 quoti
964 2072 1068 2169 vulgo
1101 2072 1140 2145 fit
1172 2074 1359 2148 discrimen

339 2194 490 2297 gentium
512 2191 725 2267 suevicarum
749 2208 783 2266 et
804 2221 875 2267 non
896 2198 1127 2289 suevimmm,
1152 2200 1200 2275 ita
1218 2229 1359 2304 compa-

337 2345 461 2418 ratum,
486 2341 524 2399 ut
548 2323 681 2428 priscae
703 2323 908 2401 Germaniae
931 2329 1090 2406 tenebras
1109 2333 1218 2432 magis
1240 2333 1358 2408 offun-

337 2457 397 2532 dat
425 2485 529 2560 quam
558 2454 669 2531 lucem
701 2455 876 2550 affundat,
910 2463 1216 2538 nonservandum
1250 2465 1357 2541 sede

335 2587 809 2691 mediopenitustollcndum
827 2618 900 2667 csse
918 2620 1050 2668 censeo.
1099 2594 1252 2671 Iudicem
1271 2595 1356 2671 sub·
1446 2686 1447 2699 χ

334 2720 437 2819 jicerc
466 2719 577 2793 visum
602 2735 662 2797 est.
1446 2706 1447 2717 ἵ

399 2847 601 2925 scribebam
626 2847 810 2949 Gottingae
838 2850 886 2926 1⁵
913 2877 990 2924 nov.
1017 2842 1126 2929 18³5.
