2950 4775
472 405 535 474 EX
557 406 794 475 HISTORIIS
1013 512 1016 517 ‚
1083 407 1139 475 aa

115 605 232 669 resque
264 597 435 649 castrorum
470 589 619 668 augebat,
656 600 807 672 tanquam
838 607 947 653 mrsus
979 586 1137 653 obsidium

116 698 311 775 immineret,
334 713 481 783 corrupta
504 704 617 767 totiens
638 703 769 768 victoria
788 724 854 767 non
874 706 954 768 falso
975 719 1136 788 suspectus

116 814 237 876 bellum
257 815 359 877 malle.
401 813 490 876 Nihil
511 835 612 898 aeque
632 815 786 878 exercitus
806 829 930 880 nostros
950 839 1045 901 quam
1065 839 1136 898 ege·

118 941 183 990 stas
218 928 378 1009 copiarum
410 928 568 1008 fatigabat.
618 927 840 1012 impedimenta
870 931 1029 1013 legionum
1063 954 1134 996 cum

118 1042 242 1105 imbelli
263 1046 356 1106 turba
378 1042 552 1108 Novesium
576 1042 688 1124 missa,
716 1059 753 1109 ut
773 1045 846 1110 inde
866 1046 1005 1110 terrestri
1023 1047 1134 1109 itinera

118 1159 311 1220 frumentum
326 1154 532 1223 adveherent:
556 1181 628 1222 nam
649 1159 778 1227 flumine
799 1162 903 1225 hostes
923 1164 1135 1244 potiebantur.

117 1273 261 1336 Primum
294 1293 402 1354 agmen
436 1293 582 1335 securum
612 1273 736 1337 incessit
767 1273 907 1337 nondum
939 1273 1011 1338 satis
1042 1275 1134 1338 firmo

119 1387 230 1451 Civile.
272 1387 329 1471 qui
349 1387 406 1449 ubi
431 1407 557 1450 rursum
585 1389 697 1453 missos
727 1390 901 1454 Noresium
928 1391 1135 1453 frumentato-

117 1526 170 1568 res
199 1504 348 1590 datasque
370 1504 405 1567 in
432 1502 624 1587 praesidium
653 1507 798 1569 cobortes
819 1509 907 1571 velut
932 1504 1030 1570 missta
1056 1525 1134 1589 paca

116 1618 239 1699 ingredi
261 1619 387 1702 accepit,
408 1642 515 1683 rarum
537 1621 620 1704 apud
643 1622 732 1702 signa
750 1623 888 1701 militem,
913 1643 1000 1685 arma
1023 1621 1057 1683 in
1078 1642 1134 1684 ve·

116 1731 238 1812 hiculis,
260 1747 387 1798 cunctos
405 1735 531 1799 licentia
551 1758 654 1817 vagos,
678 1738 869 1819 compositus
891 1735 1022 1817 invadit,
1041 1757 1133 1818 prae·

116 1848 219 1912 anissis
240 1849 295 1932 qui
315 1860 427 1931 pontes
448 1862 479 1912 et
497 1849 619 1914 viarum
640 1863 768 1930 angusta
788 1849 968 1913 insiderent.
1009 1851 1134 1929 Pugna·

116 1979 185 2029 tum
210 1968 305 2046 longo
337 1964 458 2047 agmine
490 1978 521 2028 et
550 1967 669 2028 incerto
697 1966 817 2044 Marte,
852 1964 952 2030 donec
976 1967 1133 2048 proelium

117 2099 186 2142 nox
207 2077 375 2142 dirimeret.
416 2079 559 2144 cohortes
578 2076 754 2141 Geldubam
773 2099 958 2160 perrexere,
980 2078 1134 2142 manenti·

117 2197 197 2276 bus,
228 2208 266 2258 ut
290 2197 432 2273 fuerant,
462 2195 586 2272 castris,
616 2214 697 2276 quae
717 2193 898 2256 relictorum
918 2194 981 2255 illic
1000 2192 1134 2254 militum

116 2306 274 2390 praesidio
304 2312 500 2375 tenebantur.
552 2307 627 2372 Non
659 2321 726 2371 erat
757 2306 888 2373 dubium
917 2298 1068 2394 quantum
1099 2307 1133 2369 in

115 2444 259 2504 regressu
298 2422 482 2488 discriminis
524 2420 703 2518 adeundum
737 2424 820 2486 soret
856 2422 1134 2485 frumentatoribus

116 2541 237 2602 onustis
258 2539 482 2623 perculsisque.
524 2537 610 2601 addit
637 2539 788 2611 exercitui
815 2560 872 2604 suo
899 2539 1021 2602 Vocula
1048 2538 1133 2599 mille

115 2651 252 2716 delectos
282 2675 299 2716 e
332 2653 441 2737 quinta
475 2664 507 2716 et
536 2653 646 2738 quinta
679 2652 811 2716 decuma
841 2655 1014 2734 legionibus
1049 2651 1134 2735 apud

113 2769 233 2831 Vetera
260 2769 411 2846 obsessis,
443 2765 630 2831 indomitum
656 2769 787 2830 militem
814 2780 845 2829 et
872 2767 1003 2829 ducibus
1029 2767 1134 2829 infen-

113 2900 196 2941 sum.
236 2881 347 2944 Plures
364 2902 458 2965 quam
473 2885 594 2958 jussum
611 2894 678 2942 erat
692 2879 827 2962 profecti
841 2883 946 2962 palam
961 2879 995 2941 in
1012 2881 1133 2960 agmine

113 2996 290 3058 fremebant
309 3017 375 3057 non
397 3016 430 3058 se
451 2995 535 3056 ultra
558 2995 690 3072 lamam,
711 2991 840 3056 insidias
861 2995 1033 3074 legatorum
1052 2996 1133 3057 tole·

111 3123 249 3173 raturos.
291 3109 333 3172 At
357 3107 413 3191 qui
434 3122 648 3170 remanserant
672 3106 866 3171 decertasse
890 3105 1023 3170 abducta
1042 3122 1131 3191 parte

111 3228 272 3306 legionum
293 3227 515 3308 querebantur.
557 3225 687 3306 Duplex
707 3224 782 3285 binc
808 3222 927 3300 seditio,
952 3223 1020 3285 aliis
1039 3243 1132 3288 revo-

112 3341 255 3404 cantibus
276 3339 447 3416 Voculam,
469 3337 538 3399 aliis
558 3335 662 3399 redire
683 3338 716 3398 in
741 3349 841 3399 castra
862 3338 1080 3400 abnuentibus.

197 3455 328 3517 Interim
350 3453 458 3516 Civilis
483 3455 599 3516 Vetera
621 3451 826 3518 circumsedit.
868 3455 991 3518 Vocula
1013 3452 1131 3518 Geldu·
1145 3477 1216 3540 ης

110 3569 187 3630 bam
208 3582 301 3651 atque
324 3566 398 3630 inde
417 3567 591 3630 Novesium
612 3566 771 3630 concessit.
815 3564 923 3631 Civilia
951 3567 1033 3649 capit
1057 3567 1130 3630 Gel-

110 3678 248 3760 dubam,
286 3701 363 3743 mox
396 3678 481 3742 haud
516 3682 629 3761 procul
660 3678 801 3743 Novesio
838 3682 975 3765 equestri
1007 3681 1129 3764 proelio

108 3817 263 3878 prospere
283 3797 421 3860 certarit.
463 3794 525 3858 Sed
548 3799 637 3860 miles
665 3797 809 3861 secundis
831 3795 1031 3880 adversisque
1053 3817 1129 3878 pro·

108 3906 186 3972 inde
207 3883 240 3971 in
261 3910 390 3973 exitium
410 3907 525 3972 ducum
551 3908 787 3974 accendebatur.
829 3925 860 3975 et
879 3910 1015 3975 adventu
1035 3901 1128 3995 quin·

108 4033 259 4085 tanarum
286 4022 703 4111 quintadecumanorumque
728 4038 835 4088 auctae
864 4026 1002 4107 legiones
1029 4023 1128 4088 dona·

104 4133 209 4198 tivum
230 4148 404 4219 exposcunt
428 4152 588 4221 comperto
615 4139 781 4222 pecuniam
804 4162 822 4203 a
842 4140 971 4204 Vitellio
992 4139 1128 4213 missam,
