2950 4775
484 413 547 482 EX
567 411 805 486 HISTORIIS
1112 414 1156 482 83

135 595 225 671 stris,
257 614 338 677 quos
367 592 530 672 ambiguus
558 592 748 656 auxiliorum
776 592 898 656 animus
923 605 955 656 et
975 591 1078 657 subito
1101 588 1156 654 de-

133 710 219 770 lectu
240 707 402 788 suppletae
422 706 561 786 legiones
582 709 746 786 angebant,
766 708 875 769 statuit
894 707 1053 771 continere
1064 707 1156 794 ⁸intra

138 832 241 885 castra
270 821 410 883 militem.
460 819 534 883 dein
563 820 760 904 poenitentia·
786 832 818 881 et
849 821 1051 900 arguentibus
1080 822 1155 904 ipsis

138 938 196 1022 qui
212 948 375 1000 suaserant
393 948 544 1019 tanquam
562 947 726 999 secuturus
748 933 873 1017 scripsit
885 936 1047 998 Herennio
1063 935 1154 998 Gallo

138 1051 271 1134 legionis
291 1053 411 1134 primae
430 1053 548 1132 legato,
569 1053 626 1136 qui
646 1052 792 1115 Bonnam
813 1024 990 1131 obtinebat,
1011 1063 1049 1114 ut
1070 1071 1156 1114 arce·

138 1179 188 1230 ret
208 1167 340 1230 transitu
357 1165 509 1230 Batavos:
533 1187 566 1229 se
588 1186 659 1228 cum
681 1164 821 1228 exercitu
839 1165 934 1244 tergis
954 1185 1064 1228 earum
1081 1163 1156 1227 hae·

139 1303 261 1345 surum.
301 1282 343 1346 Et
364 1281 501 1363 opprimi
521 1292 677 1363 poterant,
703 1281 730 1345 si
750 1280 824 1342 hinc
845 1278 1057 1358 Hordeonius,
1082 1277 1156 1342 inde

142 1396 251 1490 Gallus
271 1395 364 1458 motis
385 1397 536 1479 utrinque
557 1397 656 1476 copiis
678 1392 798 1458 medios
825 1394 1017 1459 clausissent.
1067 1396 1157 1460 Flac·

141 1534 197 1576 cus
218 1513 322 1575 omisit
340 1512 500 1594 inceptum
529 1511 661 1594 aliisque
690 1511 788 1574 literis
810 1511 936 1574 Gallum
964 1514 1089 1577 monuit
1116 1535 1157 1575 ne

139 1639 272 1690 terreret
299 1628 461 1689 abeuntes.
510 1621 595 1686 unde
617 1623 752 1706 suspicio
774 1636 886 1707 sponte
905 1625 1079 1706 legatorum
1101 1645 1157 1688 ex·

139 1741 230 1804 citam
248 1742 366 1804 bellum
387 1751 561 1823 cunctaque
583 1760 665 1823 quae
694 1737 873 1802 acciderant
892 1752 948 1803 aut
973 1741 1158 1805 metueban-

138 1866 193 1916 tur
213 1874 281 1917 non
307 1853 421 1917 inertia
446 1854 564 1918 militis
578 1873 683 1937 neque
710 1853 849 1917 hostium
875 1852 930 1918 sed
958 1853 1074 1918 fraudo
1097 1852 1157 1917 dtr·

138 1989 213 2030 cum
232 1969 369 2033 euenire.

227 2081 338 2146 Batavi
369 2102 468 2164 quum
504 2081 613 2145 castris
647 2081 862 2147 bunnensibus
896 2082 1157 2169 propinquarent,
1168 2089 1241 2156 4,to

139 2197 328 2282 praemisere
348 2197 405 2280 qui
425 2195 588 2258 Herenqu
614 2195 705 2258 Gallo
731 2194 876 2260 mandata
898 2198 1076 2261 cohortium
1101 2218 1158 2260 ex·
1209 2176 1215 2189 ’

138 2325 282 2395 poneret.
324 2312 457 2373 ‘nullum
482 2311 542 2374 sibi
568 2314 687 2374 bellum
717 2310 865 2378 adversus
890 2312 1067 2394 Romanos,
1096 2334 1157 2396 pro

140 2427 256 2510 quibus
278 2426 392 2490 totiens
411 2427 596 2489 bellassent:
624 2426 718 2507 longa
740 2440 832 2510 atque
853 2426 945 2490 irrita
965 2428 1075 2490 militia
1096 2430 1157 2490 fes·

141 2541 184 2604 sis
204 2542 322 2622 patriae
343 2554 436 2624 atque
459 2540 515 2603 otii
535 2539 713 2621 cupidinem
735 2559 813 2602 esse.
862 2539 890 2602 si
910 2561 1004 2603 nemo
1026 2539 1156 2602 obsiste-

140 2669 200 2736 ret,
220 2657 386 2719 innoxium
405 2657 468 2719 iter
489 2657 576 2719 lore:
598 2657 647 2718 sin
667 2676 754 2717 arma
776 2671 950 2735 occurrant,
971 2657 1057 2719 ferro
1073 2657 1156 2720 viam

138 2771 345 2837 inventuros!
402 2770 607 2835 Cunctantem
641 2773 776 2852 legatum
810 2771 922 2833 milites
954 2772 1157 2853 perpulerant

139 2887 301 2949 fortunam
321 2887 435 2969 proelii
456 2887 664 2969 experiretur.
707 2888 767 2949 tria
790 2887 887 2950 millia
915 2887 1157 2968 legionariorum

140 3015 173 3064 et
201 3002 424 3064 tumultuariae
451 3001 618 3082 Belgarum
647 3001 808 3080 cohortes,
841 2999 933 3063 simul
963 3021 1156 3083 paganorum

138 3118 340 3200 lixarumque
370 3116 484 3196 ignava
510 3114 566 3179 sed
594 3137 715 3199 procax
744 3129 815 3179 ante
843 3117 1018 3199 perieulum
1045 3140 1156 3181 manus

141 3235 287 3297 omnibus
315 3231 415 3313 portis
441 3243 611 3312 rumpunt,
642 3243 677 3292 ut
703 3231 839 3296 Batavos
865 3251 997 3293 numero
1021 3232 1156 3313 impares

138 3342 401 3408 circumfundant.
442 3344 493 3405 Illi
520 3355 641 3407 veteres
669 3345 795 3406 militiae
822 3346 855 3406 in
885 3366 1001 3408 cuneos
1029 3355 1158 3427 congre-

137 3473 261 3541 gantur,
282 3456 371 3522 densi
389 3457 530 3542 undique
552 3471 583 3521 et
600 3461 738 3522 frontem
757 3439 908 3543 ter'gaque
929 3475 966 3523 ac
985 3463 1066 3523 latus
1086 3462 1158 3524 tuti.

138 3575 183 3636 sic
212 3587 340 3637 tenuem
370 3588 552 3638 nostrorum
581 3575 678 3638 aciem
706 3577 915 3657 perfringunt.
967 3573 1157 3637 cedentibus

138 3688 244 3770 Belgis
264 3691 393 3773 pellitur
417 3691 516 3770 legio,
549 3701 579 3751 et
599 3691 718 3753 vallum
745 3702 915 3772 portasque
935 3684 1050 3769 trepidi
1070 3702 1159 3769 pete·

138 3807 226 3867 bant
274 3807 321 3867 ibi
347 3805 520 3888 plurImum
541 3801 655 3883 cladis,
689 3804 861 3864 cumulatae
883 3803 1069 3884 corporibus
1092 3800 1158 3864 fos·

140 3918 211 3996 sae,
233 3940 290 3983 nec
313 3917 406 3981 caede
426 3932 548 3982 tantum
569 3931 600 3981 et
622 3918 825 3996 vulneribus,
848 3916 903 3979 sed
916 3913 1019 3980 ‘ruina
1042 3909 1159 3981 etauio

136 4035 283 4119 plerique
312 4036 382 4099 telis
413 4035 572 4098 interiere.
623 4034 768 4097 Victores
798 4035 920 4097 colonia
949 4025 1160 4115 Agrippinen·
1226 4054 1228 4058 ’

138 4150 222 4212 sium
243 4151 339 4214 vitata
359 4152 440 4214 nihil
460 4162 563 4214 cetero
584 4149 617 4212 in
638 4150 751 4213 itinere
772 4148 883 4213 hostile
906 4145 974 4210 attsi
996 4148 1159 4209 bonnense

854 4266 871 4319 6
883 4260 900 4296 ’lt
