2950 4775
320 277 382 342 ru
663 271 723 341 ux
747 247 981 337 moronus
1286 188 1310 233 ⁶

235 467 261 526 5,
272 462 305 511 tt
405 452 446 511 At
471 448 578 513 Civilis
606 458 679 528 post
701 448 816 508 malam
842 445 876 506 in
904 443 1052 508 Treveris
1080 464 1217 526 pugnam
1245 465 1341 527 repa·

320 577 388 624 rato
410 584 468 645 per
496 561 698 625 Germaniam
724 561 864 623 exercitu
893 559 978 644 apud
998 561 1115 625 Vetera
1142 572 1242 623 castra
1262 581 1341 623 con-

320 675 409 753 sedit,
430 674 615 757 tutusloco,
636 688 667 737 et
687 685 723 736 ut
743 674 894 737 memoria
909 692 1134 755 prosperarum
1151 672 1214 736 illic
1230 694 1341 736 rerum

321 800 521 867 augescerent
541 788 751 850 barbarorum
772 786 878 850 animi.
920 785 1058 851 Secutus
1079 799 1126 851 est
1147 785 1257 850 eodem
1278 788 1341 851 Ce-

319 903 404 965 rialis
425 900 602 984 duplicatis
633 902 730 985 copiis
763 900 900 968 adventu
932 899 1085 964 secundae
1114 912 1146 965 et
1172 914 1279 964 sextae
1309 913 1341 964 et

321 1030 449 1098 quartae
481 1013 628 1079 decumae
660 1017 830 1094 legionum.
882 1016 1089 1098 cohortesque
1118 1025 1149 1077 ct
1178 1016 1245 1078 alae
1273 1018 1340 1093 jam

319 1130 441 1211 pridem
473 1131 587 1190 accitae
618 1142 690 1210 post
719 1130 884 1192 victoriam
912 1141 1170 1211 properaverant.
1218 1126 1341 1190 Neuter

319 1242 436 1306 ducum
451 1255 622 1305 cunctator.
664 1238 719 1303 sed
736 1244 862 1304 arcebat
878 1239 1010 1304 latitudo
1030 1261 1212 1331 camporum
1227 1253 1340 1324 suopte

319 1358 443 1437 iugenio
452 1356 659 1418 humentium.
678 1352 851 1418 Addiderat
858 1355 966 1420 Civilis
978 1354 1340 1438 obliquaminRhenum

319 1474 451 1550 molem,
473 1476 570 1549 cujus
590 1473 713 1550 objectu
733 1472 897 1536 revolutus
924 1469 1025 1535 amnis
1052 1469 1262 1550 adjacentibus
1284 1493 1340 1537 su·

318 1704 411 1767 uobis
438 1702 588 1765 adversa:
622 1701 741 1784 quippe
768 1702 856 1763 miles
884 1721 1035 1764 romanus
1057 1699 1151 1763 armis
1176 1700 1278 1781 gravis
1306 1714 1340 1765 et

318 1818 415 1881 nandi
437 1815 589 1898 pavidos:
618 1815 795 1879 Germanos
819 1814 1001 1891 fluminibus
1024 1827 1130 1880 suetos
1156 1813 1264 1880 levitas
1284 1837 1337 1879 ar-

318 1951 443 1993 morum
463 1941 494 1990 et
514 1927 684 2010 proceritas
705 1949 875 2010 corporum
897 1929 1017 1993 attollit.

233 2065 258 2122 s,
272 2059 303 2108 ts
402 2045 500 2124 Igitur
518 2045 740 2108 lacessentibus
763 2044 890 2109 Batavis
917 2046 1109 2117 ferocissimo
1136 2049 1251 2131 cuique
1279 2068 1339 2110 no·

318 2170 456 2218 strorum
472 2170 619 2239 coeptum
634 2134 808 2220 certamen:
830 2157 942 2220 deinde
959 2173 1027 2223 orta
1038 2158 1221 2244 trepidatio,
1239 2182 1340 2244 quum

317 1584 572 1669 perfunderetur.
615 1607 652 1669 ea
672 1587 736 1649 loci
758 1587 861 1649 forma
886 1586 1012 1651 incertis
1036 1583 1124 1651 vadis
1145 1583 1279 1649 subdola
1308 1598 1339 1650 et

1467 2272 1468 2317 t

318 2273 463 2352 praealtis
492 2272 660 2354 paludibus
688 2284 793 2352 arma',
823 2276 897 2357 equi
924 2275 1137 2339 haurirentur.
1186 2275 1341 2338 Germani

316 2385 399 2448 notis
420 2383 508 2449 uadis
530 2388 754 2467 persultabant,
777 2386 889 2450 omissa
905 2389 1091 2474 plemuuque
1113 2390 1219 2454 fronte
1238 2392 1340 2453 latera

317 2520 352 2558 ac
378 2511 464 2578 terga
489 2499 776 2563 circumvenientes.
817 2505 938 2583 neque,
972 2515 1006 2565 ut
1032 2505 1068 2565 in
1096 2501 1236 2586 pedestri
1262 2504 1339 2582 acie,

316 2614 458 2677 cominus
480 2615 600 2676 eminus
622 2617 816 2695 certabatur,
846 2615 900 2678 sed
921 2627 1073 2701 tanquam
1095 2619 1200 2682 navali
1221 2640 1339 2700 pugna,

316 2730 386 2809 vagi
408 2732 490 2791 inter
511 2728 612 2793 trudas
639 2743 709 2809 aut,
743 2730 768 2800 si
798 2731 875 2814 quid
898 2734 1008 2798 stabile
1032 2738 1232 2813 occurrebat,
1262 2735 1337 2799 totis

315 2844 378 2905 illic
401 2845 586 2925 corporibus
608 2845 762 2921 nitentes,
790 2846 947 2908 vulnerati
972 2868 1043 2909 cum
1067 2848 1215 2930 integris,
1242 2849 1337 2931 periti

314 2958 411 3022 nandi
436 2980 507 3022 cum
527 2958 642 3041 ignaris
665 2962 699 3023 in
721 2974 862 3023 mutuam
881 2961 1059 3043 ⁴perniciem
1083 2963 1335 3047 implicabantur.

314 3078 419 3139 minor
439 3090 545 3141 tamen
569 3099 670 3161 quam·
688 3099 747 3160 pro
770 3081 907 3142 tumultu
928 3079 1055 3157 caedes,
1083 3081 1244 3165 quianon
1265 3079 1335 3146 ausi

313 3190 419 3270 egredi
440 3190 586 3273 paludem
606 3190 756 3253 Germani
776 3190 811 3252 in
833 3205 933 3255 castra
953 3192 1086 3257 rediere.
1127 3195 1205 3274 Ejus
1220 3194 1336 3277 proelii

313 3318 442 3368 eventus
467 3318 635 3390 utrumque
657 3305 768 3383 ducem
788 3304 919 3373 diversis
936 3308 1032 3372 animi
1051 3308 1189 3373 motibus
1207 3308 1248 3372 ad
1266 3329 1335 3370 ma-

310 3415 481 3480 turandum
502 3438 641 3480 summae
668 3420 717 3481 rei
744 3418 909 3484 discrimen
936 3425 1046 3488 erexit.
1090 3423 1197 3489 Civilis
1216 3423 1334 3488 instare

297 3532 466 3611 fortunae,
483 3528 613 3595 Cerialis
628 3533 753 3595 abolere
767 3532 980 3613 ignominiam.
1010 3536 1160 3600 Germani
1173 3536 1334 3620 prosperis

309 3646 447 3708 feroces:
468 3644 630 3707 Romanos
643 3644 748 3728 pudor
762 3648 960 3714 excitaverat.
1002 3672 1069 3715 nox
1083 3652 1168 3735 apud
1181 3654 1334 3718 barbaros

310 3773 401 3821 cantu
424 3773 477 3822 aut
497 3762 648 3839 clamore,
670 3765 785 3826 nostris
805 3787 864 3852 per
885 3769 964 3831 iram
986 3781 1017 3831 et
1037 3772 1137 3834 minas
1159 3784 1236 3835 acts.

224 3896 249 3954 5,
263 3893 294 3939 ts
394 3875 524 3935 Postera
553 3876 622 3937 luce
650 3874 782 3954 Cerialis
811 3882 915 3962 equite
941 3894 972 3945 et
993 3884 1164 3948 auxiliariis
1192 3884 1333 3947 cohorti·

307 3989 366 4049 bus
396 3990 533 4056 frontem
562 3994 680 4073 explet,
710 3995 746 4055 in
776 3995 915 4059 secunda
944 3999 1008 4062 acie
1034 4000 1173 4081 legiones
1201 4002 1333 4078 locatae,
1434 4033 1438 4040 ·
