2950 4775
480 389 542 464 nx
565 389 821 464 tunsurus
1121 392 1164 460 tt

141 565 331 662 mediatum
349 576 413 645 est,
435 561 536 632 donee
556 567 605 632 ira
627 579 658 632 et
679 565 744 631 diss
764 566 946 650 permansit.
987 564 1088 634 Nocte
1109 565 1165 629 de·

141 703 231 754 mum
250 701 394 747 reversae
416 679 570 761 legiones,
591 681 735 765 quamvis
756 682 829 763 plus
849 684 1035 760 vulnerum,
1054 680 1164 754 eadem

142 796 287 866 ciborum
306 806 423 875 egestas
445 795 599 877 fatigaret,
624 793 699 873 vim,
720 795 894 875 unitatem,
916 797 1031 880 copies,
1052 809 1165 862 cuncta

139 913 175 978 in
195 898 325 976 victoria
347 911 498 976 habuere.
625 989 631 1000 ι
1158 979 1162 988 .

144 1083 151 1092 .
224 1026 409 1098 Pervaserat
438 1022 565 1088 interim
595 1022 799 1089 circumventi
830 1023 988 1103 exercitus
1019 1027 1103 1089 fame
1133 1038 1248 1105 et1,oe

139 1139 254 1205 infesto
277 1141 508 1204 Germanorum
535 1141 659 1223 agmine
682 1139 799 1208 Gallias
824 1139 907 1222 peti:
937 1160 972 1202 ae
995 1137 1030 1212 ui
1050 1140 1165 1223 Agrip-

139 1253 215 1335 pina
235 1253 415 1337 impositum
435 1253 548 1324 Rheno
568 1264 698 1336 pontem
719 1251 800 1319 solvi
819 1254 1047 1336 prohibuisset,
1075 1267 1166 1318 erant

141 1369 205 1451 qui·
217 1368 251 1432 iti
271 1368 421 1449 flagitium
442 1366 610 1434 formidine
631 1366 807 1442 auderent„
838 1365 894 1431 sed
916 1367 1034 1431 femina
1054 1367 1163 1450 ingens

141 1484 238 1549 animi
258 1485 366 1556 munis
386 1481 473 1545 ducis
493 1502 553 1565 per
571 1500 627 1546 eos
649 1478 716 1543 dies
735 1478 852 1560 induit,
871 1481 1103 1565 militibusque,
1126 1494 1163 1546 ut

141 1598 211 1680 quis
228 1598 323 1679 inops
343 1608 399 1686 aut
419 1599 560 1676 saucius,
583 1610 703 1662 vestem
724 1609 756 1658 et
780 1597 921 1659 fomenta
944 1595 1161 1678 dilargitaest.

138 1708 251 1772 Tradit
271 1708 367 1789 cajus
387 1709 526 1790 Plinius,
556 1710 806 1791 germanicorum
832 1711 991 1776 bellorum
1017 1713 1161 1794 scriptor,

138 1827 260 1892 stetisse
280 1824 366 1909 apud
386 1825 579 1909 principium
599 1827 724 1911 pontis,
746 1825 857 1892 laudes
878 1840 912 1892 st
931 1841 1033 1910 grates
1053 1848 1162 1895 rever·

137 1940 184 2008 eis
200 1940 379 2021 legionibus
400 1941 579 2004 habentem.

166 2111 170 2116 .
223 2055 266 2124 At
290 2054 495 2132 Germanicus
522 2052 681 2136 legionum
703 2073 783 2136 quas
805 2053 942 2117 navibus
961 2066 1091 2118 vexerat
1111 2070 1248 2138 se·1,to

139 2168 274 2250 cendam
304 2182 337 2232 st
365 2182 510 2253 quartam
539 2168 704 2234 decumam
734 2169 848 2242 itinere
877 2170 1019 2236 terrestri
1045 2169 1160 2233 Publio

137 2283 265 2366 Vitellio
288 2282 446 2347 duoendss
466 2282 579 2363 tradit,
607 2304 672 2368 quo
691 2284 795 2349 levior
816 2284 921 2346 classis
942 2280 1061 2350 vadoso
1081 2282 1161 2348 mari

136 2398 262 2464 innaret
294 2400 347 2464 vel
374 2398 536 2483 reciproco
571 2397 698 2463 rideret.
750 2398 898 2462 Vitellius
932 2399 1071 2483 primum
1100 2396 1161 2460 iter

136 2512 217 2579 sicce
240 2514 339 2579 humo
354 2525 421 2579 ,eut
440 2510 562 2579 modice
584 2513 740 2577 allabente
761 2523 849 2577 sesto
873 2512 1013 2596 quietum
1032 2511 1160 2576 habuita

136 2646 214 2691 mox
239 2626 379 2710 impulsu
402 2626 576 2712 aquilonis,
604 2628 698 2689 simul
719 2623 823 2689 sidere
853 2625 1058 2710 aequinoctii,
1095 2646 1160 2710 quo

136 2740 270 2805 maxime
297 2739 440 2805 tumescit
468 2760 622 2819 oceanus,
653 2740 724 2822 rapi
752 2740 865 2824 egique
887 2762 1008 2822 agmen.
1050 2754 1082 2804 et
1102 2761 1160 2824 op·

133 2855 303 2935 plebantur
321 2865 443 2921 terrae:
465 2851 573 2916 eadem
596 2854 693 2931 freto,
714 2853 816 2932 litori,
836 2855 952 2935 campis
970 2854 1082 2941 iacies,
1102 2874 1159 2919 ns·

134 2988 196 3051 que
228 2967 365 3033 discerni
383 2981 532 3052 poterant
551 2970 672 3035 incerte
697 2971 737 3032 ab
760 2968 883 3050 solidis,
913 2974 1021 3037 brevia
1044 2993 1158 3055 apro·

134 3081 252 3169 lundis.
294 3095 478 3167 sternuntur
497 3082 660 3162 fluctibns,
680 3083 874 3148 hauriuntur
894 3084 1087 3167 gurgitibuse
1107 3090 1159 3165 ju·

133 3211 266 3279 mente,
289 3184 445 3283 sarcinae,
478 3216 614 3283 corpora
641 3198 788 3262 exanima
808 3198 1013 3271 interfluunt,
1047 3219 1157 3285 occur7

133 3324 214 3377 sant.
253 3312 483 3395 permiscentur
511 3310 595 3373 inter
624 3330 658 3372 se
687 3310 862 3395 manipuli,
894 3311 990 3376 modo
1020 3324 1158 3395 pectore,

133 3426 228 3495 modo
252 3449 308 3491 ore
331 3440 421 3491 tenen
445 3438 611 3505 exstantes,
631 3426 802 3511 aliquando
825 3429 984 3493 subtracto
1003 3431 1074 3493 solo
1095 3426 1159 3493 dis·

131 3545 205 3624 jecti
225 3558 280 3609 aut
302 3543 420 3609 obruti.
460 3565 527 3609 non
554 3564 619 3611 vox
647 3556 678 3607 et
703 3545 808 3608 mutui
836 3547 980 3609 hortetur
1005 3548 1159 3624 juvabant

133 3659 318 3725 adversante
342 3658 448 3738 unda,
477 3660 557 3725 nihil
579 3674 727 3727 strenuus
749 3664 790 3727 ab
811 3661 945 3742 ignavo,
971 3659 1097 3742 sepiens
1117 3660 1158 3724 ab

131 3773 222 3854 rudi,
243 3775 374 3839 consilia
395 3795 414 3835 a
435 3793 509 3836 casu
530 3771 678 3854 differre3
711 3787 823 3837 cuncta
844 3774 915 3857 pari
937 3773 1088 3838 violentia
1108 3772 1158 3834 in·

131 3889 351 3975 volvebantur.
393 3883 535 3949 Tandem
563 3886 776 3983 Vitelliusldin
804 3884 940 3951 editiore
969 3886 1074 3950 enisus
1104 3907 1158 3949 eo·

134 4004 204 4071 dens
239 4027 349 4086 agmen
382 4001 545 4079 subduxit.
594 4017 824 4086 pernoctavere
856 4003 924 4067 sine
962 4002 1158 4083 utensilibus,

135 4119 202 4182 sine
224 4119 306 4203 igni,
325 4142 439 4204 muna
460 4142 534 4205 pars
556 4119 643 4186 nudo
669 4134 722 4187 out
745 4125 883 4188 molesto
906 4135 1048 4208 corpote,
1066 4114 1158 4186 'ntur
