2950 4775
303 292 347 359 to
664 292 726 362 EX
748 292 996 365 HISTORIIS·

305 469 442 550 legiones
476 466 556 529 nihil
590 466 668 530 ultra
700 450 862 530 fremitum
890 483 921 532 et
950 471 1050 532 minas
1083 490 1176 534 ausae
1204 469 1333 535 initium

308 580 494 664 erumpendi
522 581 828 662 circumspectabant.
882 592 915 644 at
942 582 977 643 in
1006 582 1162 664 superiori
1181 582 1333 647 'exercitu

310 711 422 783 quarta
452 719 487 761 ac
518 684 764 761 duoetvicesima'
788 696 926 777 legiones
951 695 1065 760 iisdem
1094 698 1234 762 hibernis
1261 711 1335 761 ten·

311 812 419 903 dentes
439 813 508 897 ipso
530 810 730 877 calendarum
748 811 962 891 januariarum
979 809 1030 874 die
1050 810 1335 898 dirumpuntssima·

310 931 396 1011 gines
427 929 564 1006 Galbae,
603 940 715 1013 quarta
741 927 827 1010 legio
862 926 1052 1011 promptius,
1091 912 1336 991 duoetvioesima

312 1054 507 1123 cunctantes,
538 1064 612 1107 mox
639 1062 804 1107 consensu.
847 1044 893 1107 Ac
921 1064 961 1105 ne
982 1028 1337 1125 reverentiam'imperii

313 1180 427 1221 exitere
458 1155 641 1223 viderentur
665 1170 792 1222 senatus
820 1159 994 1243 populique
1018 1159 1143 1223 romani
1170 1140 1354 1223 obliterata·

312 1277 375 1349 jam
407 1273 536 1335 nomina
565 1283 759 1335 sacramento
789 1269 1000 1348 advocabant,
1041 1271 1129 1336 nullo
1161 1273 1338 1353 legatorum

313 1387 552 1451 tribunorumve
574 1408 633 1470 pro
653 1386 759 1450 Galba·
775 1387 912 1464 nitente,
928 1368 1143 1470 quibusdam,
1171 1399 1207 1448 ut
1228 1386 1262 1447 in
1283 1397 1338 1448 tu·

314 1499 435 1579 multu,
455 1499 625 1567 notabilius
648 1501 859 1563 turbantibus.
901 1511 1093 1564 nontamen
1114 1499 1280 1584 quisquam
1301 1499 1338 1560 in

315 1609 445 1675 modum
476 1611 634 1676 concionis
666 1624 720 1675 aut
757 1622 900 1692 suggestu
931 1611 1063 1676 locutus.
1117 1631 1221 1696 neque
1253 1611 1338 1675 enim

317 1737 383 1787 erat
405 1725 507 1790 adhuc
528 1727 579 1789 cui
598 1727 816 1811 imputaretur.
920 1756 922 1761 ·

225 1855 302 1918 ¹nto
401 1838 565 1922 Spectator
585 1840 694 1923 flagitii
713 1830 926 1906 Hordeonius
947 1841 1077 1906 Flaccus
1101 1828 1274 1903 consularis
1293 1828 1357 1900 le?

317 1965 405 2034 gatus
426 1952 542 2034 aderat,
565 1976 631 2020 non
653 1938 850 2038 compescere
871 1966 1014 2033 ruentes,
1034 1940 1100 2016 non
1120 1952 1259 2020 retinere
1279 1950 1341 2013 du·

316 2069 396 2147 bios,
419 2091 485 2135 non
504 2070 662 2136 cohortari
682 2073 786 2136 bonos
815 2077 926 2152 ausus}
944 2054 1003 2134 'sed
1023 2069 1135 2150 segnis,
1153 2065 1288 2150 pavidus
1312 2077 1343 2128 et
1453 2104 1454 2135 ,

318 2183 461 2248 socordia
477 2184 638 2251 innocens.
657 2212 661 2219 ¹
682 2185 841 2264 Quattuor
861 2168 1059 2250 centuriones
1081 2179 1360 2246 duoetvicesimac'
1453 2226 1454 2265 ,

317 2300 466 2380 legionis,
495 2300 620 2364 Nonius
641 2300 814 2384 Receptus,
843 2286 1001 2364 Donatius
1023 2300 1158 2378 Valens,
1186 2297 1342 2360 Romilius

318 2415 502 2491 Marcellus,
541 2413 730 2496 Calpurnius
772 2413 986 2495 Repentinus,
1019 2433 1118 2497 quum
1143 2420 1345 2494 protegerent

323 2528 622 2609 Galbae'imagines,
643 2529 763 2612 impetu
783 2529 916 2592 militum
934 2529 1058 2611 abrepti
1075 2512 1254 2610 uncaque.
1286 2531 1345 2587 n'ec

324 2641 470 2725 cuiquam
488 2642 578 2704 ultra·
589 2641 666 2704 fides
687 2653 742 2703 aut
762 2641 913 2704 memoria
935 2640 1051 2722 prioris
1071 2639 1267 2717 sacramenti,
1289 2636 1345 2702 sed

321 2754 409 2839 qnod
436 2755 471 2818 in
495 2753 700 2818 seditionibus
725 2753 851 2833 accidit,
869 2753 966 2817 =unde
994 2745 1213 2841 plures'lerant
1235 2773 1345 2817 omnes

321 2868 421 2930 fuere.
463 2867 564 2932 Nocte
584 2890 665 2953 quae
697 2859 1018 2952 calendaa³jmuarias
1040 2881 1216 2934 ‘secutaest
1235 2868 1270 2931 in
1291 2890 1346 2933 co-

322 2982 440 3045 loniam
461 2982 712 3065 agrippinensem
735 2985 883 3069 aquilifer
902 2998 1031 3069 quartae
1052 2984 1183 3065 legionis
1206 2984 1346 3066 epulanti

323 3096 453 3159 Vitellio
491 3097 615 3161 nuntiat
648 3112 792 3183 quartam
832 3113 862 3163 et
897 3085 1169 3163 duoetvicesimam
1207 3100 1346 3180 legiones

323 3212 471 3291 projectis
488 3210 606 3274 Galbae
625 3210 814 3292 imaginibus
835 3212 868 3273 in
891 3223 1016 3274 senatus
1040 3234 1075 3276 ac
1094 3211 1207 3295 populi
1222 3210 1347 3275 romani

325 3326 422 3388 verba
441 3331 580 3405 jurasse.
618 3322 657 3387 ld
678 3337 906 3389 sacramentum
931 3328 1027 3390 inane
1047 3328 1168 3394 mum:
1199 3328 1347 3411 occupari

317 3450 488 3501 'nutantem
512 3440 678 3502 'fortunam
707 3450 738 3502 et
762 3442 873 3503 offerri
893 3441 1069 3524 principem
1091 3441 1218 3525 placuit.
1261 3441 1348 3502 missi

326 3575 345 3614 a
362 3553 492 3616 Vitellio
513 3552 555 3616 ad
573 3531 712 3634 legiones
733 3556 923 3639 legatosque,
948 3554 1188 3642 quidescivisse
1206 3576 1227 3615 a
1244 3553 1349 3616 Galba

325 3666 520 3746 superiorem
549 3666 723 3729 exercitum
751 3668 952 3733 nuntiarent:
982 3667 1128 3752 proinde
1146 3679 1199 3730 aut
1227 3667 1350 3729 bellan·

328 3781 402 3844 dum
424 3780 573 3845 adversus
595 3781 888 3861 desciscentes-aur,
911 3784 939 3846 si
961 3780 1129 3846 concordia
1151 3794 1182 3844 et
1202 3772 1366 3864 pax'pla-'

327 3909 404 3974 teat,
429 3895 606 3959 iaciendum
625 3897 857 3978 imperatorem,
879 3899 1053 3962 etminore
1073 3897 1251 3962 discrimino
1268 3896 1349 3959 sumi

329 4010 499 4091 prinoipem
523 4031 617 4093 quam
640 4010 759 4094 quaeri.
