2950 4775
517 396 749 499 curulum
987 389 993 402 ·
1104 403 1142 465 n

130 574 274 651 anulum,
301 573 541 653 ignominiosum
562 571 595 635 id
618 573 720 654 genti,
748 576 834 638 velut
857 575 1017 638 vinculum
1039 585 1144 655 gestat,

129 685 228 752 donec
248 709 280 751 se
302 685 394 748 caede
413 686 508 748 hostis
530 688 680 748 absolvat.
722 687 866 765 plurimis
889 686 1071 750 Chattorum
1094 686 1144 746 hic

44 826 45 829 ¹
122 799 228 883 'placet
249 802 383 879 habitus,
402 805 526 884 jamque
548 813 660 865 canent
681 800 817 880 insignes
839 814 870 862 et
891 803 1033 863 hostibus
1054 800 1146 864 simul

128 917 254 998 suisque
276 918 450 979 monstrati.
492 918 632 979 omnium
652 936 750 998 penes
772 918 830 979 hos
851 915 941 977 initia
958 919 1146 998 pugnarum,

128 1031 204 1093 haec
227 1033 329 1114 prima
352 1054 476 1115 semper
496 1034 594 1112 acies,
623 1033 692 1097 visu
717 1054 811 1097 nova.
853 1054 925 1094 nam
953 1054 993 1094 ne
1014 1032 1049 1093 in
1070 1052 1146 1113 pace

129 1128 254 1228 quidem
286 1147 376 1210 vultu
405 1148 529 1210 mitiore
558 1160 789 1210 mansuescunt.
839 1146 928 1209 Nulli
954 1146 1065 1210 domus
1095 1158 1148 1207 aut

130 1281 201 1340 ager
231 1274 284 1324 aut
309 1262 414 1346 aliqua
442 1283 534 1342 cura3
563 1276 658 1344 prout
679 1263 717 1325 ad
741 1284 899 1346 quemque
920 1285 1035 1328 venere
1058 1243 1149 1325 alun-

129 1386 199 1452 tur,
228 1375 352 1458 prodigi
374 1376 482 1451 alieni,
514 1388 744 1458 contemptores
771 1378 836 1453 sui,
865 1375 964 1439 donec
986 1374 1150 1457 exsanguis

132 1501 273 1550 senectus
297 1502 361 1551 tam
383 1488 480 1550 durae
500 1487 611 1551 virtuti
634 1488 770 1569 impares
792 1489 895 1551 faciat.

213 1602 355 1663 Proximi
378 1601 498 1664 Chattis
521 1615 639 1663 certum
660 1605 720 1678 jam
745 1602 833 1666 alveo
855 1602 1010 1679 Rhenum,
1032 1602 1150 1684 quique
1163 1613 1199 1662 32

130 1717 281 1779 terminus
304 1736 370 1780 esse
392 1718 540 1795 sufficiat,
565 1716 657 1798 Usipi
680 1739 715 1778 ac
737 1718 884 1780 Tencteri
906 1719 1024 1781 colunt.
1065 1718 1150 1780 Ten·

132 1832 215 1910 steri,
237 1852 332 1913 super
353 1832 478 1895 solitum
497 1834 651 1895 bellorum
671 1830 775 1911 decus,
800 1832 952 1916 equestris
970 1830 1150 1914 disciplinae

108 1924 198 2008 'arte
218 1949 428 2029 praecellunt:
455 1968 513 2008 nec
539 1953 639 2026 major
665 1943 751 2027 apud
772 1945 900 2009 Chattos
921 1942 1060 2028 peditum
1082 1947 1151 2007 laus

132 2079 227 2141 quam
245 2059 406 2122 Tencteris
425 2060 574 2142 equitum.
616 2057 667 2122 Sic
687 2059 850 2122 instituere
870 2064 1013 2138 majores,
1033 2058 1153 2142 posteri

131 2172 302 2238 imitantur.
344 2175 379 2237 hi
400 2177 488 2238 lusus
508 2174 686 2252 infantium,
707 2176 784 2238 haec
805 2178 956 2255 juvenum
978 2176 1154 2252 aemulatio,

130 2303 333 2372 perseverant
362 2312 460 2353 senes.
509 2292 595 2352 Inter
623 2290 774 2353 familiam
806 2303 837 2354 et
864 2302 994 2374 penates
1026 2300 1056 2352 et
1083 2295 1153 2367 jura

132 2404 363 2469 successionum
393 2409 466 2490 equi
488 2406 674 2470 traduntur:
705 2408 820 2489 excipit
846 2406 929 2468 filius
956 2427 1020 2469 non
1048 2418 1083 2466 ut
1103 2427 1152 2467 ce-

132 2529 200 2580 tera
221 2520 374 2582 maximus
396 2533 484 2597 natu,
505 2520 559 2582 sed
582 2533 676 2602 prout
698 2521 791 2584 ferox
812 2521 895 2583 bello
918 2533 949 2581 et
971 2521 1094 2582 melior.

216 2632 312 2694 Juxta
338 2635 506 2698 Tencteros
535 2636 680 2698 Bructeri
709 2635 785 2698 olim
813 2638 1035 2714 occurrebant,
1068 2654 1152 2696 nunc
1166 2647 1201 2695 33

134 2744 309 2810 Chamavos
337 2759 367 2809 et
399 2749 602 2828 Angrivarios
632 2749 825 2831 immigrasse
858 2762 1021 2825 narratur,
1055 2749 1153 2828 pulsis

133 2860 292 2923 Bructeris
321 2883 356 2924 ac
383 2861 509 2942 penitus
540 2863 651 2924 excisis
673 2863 847 2925 vicinarum
875 2882 1030 2924 consensu
1051 2860 1154 2922 natio·

135 2998 229 3053 uum,
259 2999 316 3040 ceu
337 2977 503 3060 superbiae
525 2977 616 3057 odic,
651 2999 706 3041 seu
728 2979 864 3062 praedae
885 2978 1066 3054 dulcedine,
1097 2997 1153 3038 seu

135 3091 242 3155 favore
272 3091 407 3173 quodam
435 3113 508 3171 erga
535 3113 593 3154 nos
623 3091 765 3156 deorum.
808 3115 881 3156 nam
908 3115 948 3154 ne
971 3092 1153 3180 ¹spectaculo

136 3200 263 3283 quidem
284 3200 398 3282 proelii
418 3198 576 3264 invidere:
599 3222 694 3283 super
713 3200 872 3281 sexaginta
897 3199 995 3261 millia
1017 3219 1079 3261 non
1102 3218 1153 3258 ar·
1220 3258 1223 3277 ,

134 3315 194 3375 mis
215 3315 347 3396 telisque
368 3319 523 3394 romanis,
544 3315 615 3394 sed,
635 3315 721 3399 quod
744 3314 988 3396 magnificentius
1011 3326 1072 3388 est,
1097 3314 1153 3376 ob·
1203 3326 1225 3365 f

133 3428 293 3492 lactationi
323 3430 483 3513 oculisque
512 3430 702 3495 ceciderunt.
749 3433 878 3494 Maneat
903 3449 1023 3514 quaeso*
1048 3427 1154 3490 duret·

135 3565 198 3627 que
219 3545 380 3624 gentibus,
414 3546 526 3607 sinon
549 3568 637 3610 emor
660 3550 777 3627 nostri,
809 3561 841 3611 at
862 3559 944 3612 certe
965 3544 1072 3609 odium
1097 3546 1156 3622 sui,

136 3654 264 3738 quando
290 3658 325 3719 in
354 3660 538 3739 urgentibus
565 3659 691 3742 imperii
714 3661 786 3723 fatis
813 3661 892 3723 nihil
911 3663 974 3738 jam
995 3671 1155 3742 praestare

134 3771 264 3833 fortuna
283 3775 385 3850 majus
406 3785 517 3855 potest,
543 3795 639 3856 quam
658 3776 797 3837 hostium
816 3771 1013 3836 discordiam.

223 3890 425 3969 Angrivarios
438 3903 478 3955 ‚et
501 3889 676 3954 Chamavos
697 3913 715 3952 a
735 3904 823 3972 tergo
841 3890 1006 3972 Dulgibini
1027 3903 1057 3953 et
1073 3889 1155 3952 Cha·
1167 3907 1203 3957 ³4

138 4004 235 4065 suarii
257 4003 386 4068 cludunt
404 4007 546 4088 aliaeque
566 4019 682 4087 gentes,
704 4006 790 4070 haud
806 4006 937 4091 perinde
957 4020 1157 4070 memoratae.

138 4139 158 4179 a
181 4119 283 4183 fronte
305 4120 399 4186 Frisii
420 4123 591 4205 excipiunt.
633 4125 806 4205 majoribus
831 4124 1069 4207 minoribusque
1087 4123 1157 4187 Fri-

875 4248 895 4300 2
