2950 4775
321 369 365 438 tt
662 368 725 439 ΒΧ
746 369 1003 450 sustollitis

320 563 519 612 remorumve
557 541 759 614 substdmnn
801 548 1014 613 meminissent
1050 547 1165 614 note..
1185 548 1347 628 avaritiae,

321 659 522 737 crudelitatis,
544 661 731 743 superbiant
755 658 840 724 aliud
862 661 923 725 sibi
942 663 1101 746 reliquum
1121 683 1218 746 quam
1231 677 1346 730 tenere

319 775 494 842 libertatem
515 788 569 842 aut
587 778 670 839 mori
691 791 762 840 ante
783 775 970 844 servitium?

237 887 308 951 2¹⁶
407 890 458 954 Sic
479 913 626 957 accensos
647 907 677 956 et
697 896 855 975 proelium
874 905 1038 978 poscentes
1058 892 1093 960 in
1114 913 1272 974 campum,
1294 892 1346 960 cui

320 1006 484 1072 Idistaviso
505 1029 648 1089 nomen,
668 1006 837 1076 deducunt.
878 1012 906 1073 is
931 1010 1053 1082 medius
1080 1011 1163 1076 inter
1184 1010 1346 1089 Visurgin

321 1137 352 1186 et
371 1126 477 1201 colles,
497 1140 532 1189 ut
550 1128 639 1209 ripae
658 1125 798 1190 fluminis
818 1125 932 1191 cedunt
948 1141 1003 1191 aut
1022 1126 1346 1209 prominentia'mon·

320 1242 399 1306 nnn
421 1244 585 1323 resistunt,
615 1246 826 1329 inaequaliter
853 1247 1006 1308 sinuatur.
1047 1264 1133 1326 pons
1152 1253 1275 1322 tergum
1295 1240 1345 1304 in·

320 1360 466 1436 surgebat
484 1359 563 1423 silva
587 1356 677 1422 editis
698 1361 730 1420 in
757 1360 853 1421 altum
874 1360 969 1421 ramis
991 1371 1022 1421 et
1040 1379 1123 1439 pura
1142 1356 1345 1419 tunsoinser

319 1471 470 1534 arborum
497 1482 643 1549 munros,
679 1491 825 1552 campum
855 1484 885 1533 et
908 1471 1011 1552 prima
1032 1471 1184 1536 siluarum
1200 1472 1345 1534 ,barbara

318 1585 400 1646 acies
424 1588 523 1650 tenuit
531 1610 545 1658 c,
571 1589 631 1651 soli
656 1586 808 1650 Cherusci
826 1591 899 1667 juga
922 1585 1075 1664 insidere,
1104 1599 1140 1650 ut
1160 1586 1344 1668 proelianti·

318 1698 380 1764 bus
396 1699 549 1764 Romanis
570 1701 713 1785 desuper·
726 1704 938 1765 incurrerent.
986 1700 1104 1766 Noster
1123 1702 1280 1765 exercitus
1299 1701 1344 1764 sic

317 1814 460 1880 incessit:
494 1818 661 1879 auxiliares
691 1818 776 1880 Gnlli
805 1816 1018 1901 Germanique
1051 1817 1086 1880 in
1117 1818 1240 1895 fronte,
1270 1831 1344 1899 post

318 1948 400 2011 quos
427 1928 547 2012 pedites
573 1932 740 2013 sagittarii,
771 1932 845 1996 dein
867 1948 1016 2019 quattuor
1037 1936 1193 2014 legiones,
1221 1946 1343 1996 etcum

318 2041 441 2110 duabus
470 2048 637 2127 praetoriis
666 2049 849 2116 cohortibus
878 2071 914 2112 ac
944 2046 1064 2114 delecto
1094 2050 1199 2132 equite
1226 2068 1341 2126 cessar,

317 2157 393 2222 exin
412 2158 542 2223 totidem
562 2162 640 2226 aliae
658 2162 799 2241 legiones
820 2175 851 2224 et
870 2162 949 2227 levis
971 2176 1128 2226 armatura
1145 2183 1218 2228 cum
1235 2162 1341 2245 equite

317 2274 475 2352 sagittario
503 2289 685 2360 ceteraeque
708 2279 868 2346 sociorum
894 2280 1049 2350 cohortes.
1090 2278 1231 2342 intentus
1249 2299 1344 2361 para·

316 2400 430 2473 tueque
450 2391 553 2469 miles,
576 2404 612 2454 ut
632 2391 712 2455 ordo
734 2394 865 2472 agnairus
888 2396 923 2455 in
946 2395 1044 2457 aciem
1065 2394 1229 2458 assisteren

231 2512 302 2576 alt
402 2506 489 2567 Visis
506 2504 739 2569 Cheruscorum
759 2507 899 2584 cateruis,
922 2528 1002 2590 quae
1025 2527 1084 2587 per
1101 2507 1250 2571 ferociam
1266 2523 1343 2586 pro·

314 2637 484 2703 ruperant,
514 2622 721 2687 validissimos
752 2624 894 2707 equitum
919 2624 1081 2693 incurrere
1100 2623 1200 2703 latus,
1231 2619 1343 2684 Sterti-

315 2738 404 2813 nium
431 2759 501 2803 cum
527 2742 636 2805 ceteris
665 2741 777 2803 turmis
800 2737 1004 2820 circumgredi
1024 2751 1172 2821 tergaque
1192 2736 1343 2802 invadere

313 2856 415 2934 jubet,
436 2856 504 2937 ipse
525 2857 559 2919 in
580 2870 721 2939 tempore
742 2858 907 2921 affuturus.
949 2858 1075 2921 Interea
1095 2856 1343 2939 pulcherrimum

315 2972 497 3050 augurium,
529 2984 599 3035 octo
629 2973 752 3054 aquilae
781 2984 889 3053 petere
916 2972 1010 3034 silvae
1038 2983 1070 3033 et
1098 2970 1218 3032 intrare
1243 2968 1341 3046 visne,

315 3083 539 3167 imperatorem
567 3083 743 3151 advertere.
796 3086 965 3163 exclamat,
997 3084 1097 3162 irem,
1135 3097 1343 3167 sequerentur

314 3219 460 3265 romanas
483 3218 572 3275 eves,
605 3199 737 3282 proprie
758 3197 918 3278 legionum
938 3197 1079 3263 nemeina.
1129 3197 1223 3260 simul
1242 3194 1341 3278 pede·

315 3313 386 3377 stn‘s
406 3315 488 3379 ecies
508 3314 645 3376 infertur
666 3326 698 3375 et
713 3312 902 3393 praemissus
923 3331 1019 3393 eques
1040 3323 1216 3392 postremos
1237 3330 1275 3372 ac
1294 3310 1341 3371 la-

314 3440 382 3493 tera
401 3430 544 3510 impolite
572 3428 751 3510 mirumque
772 3424 873 3504 dictu,
902 3423 967 3491 duo
988 3425 1127 3489 hostiumn
1147 3424 1270 3505 agmine
1292 3421 1342 3485 di-

313 3562 407 3605 versa
426 3546 518 3623 fuga,
547 3543 603 3627 qui
623 3543 733 3606 silvam
747 3555 917 3609 ,tenuerant
937 3540 972 3604 in
991 3554 1118 3623 aperta,
1144 3541 1200 3624 qai
1222 3541 1340 3621 campis

315 3653 507 3734 adstiterant,
526 3658 560 3719 in
585 3658 695 3721 siluam
712 3655 857 3725 ruebant.
898 3653 996 3723 medii
1012 3655 1096 3717 inter
1113 3657 1173 3718 hos
1189 3651 1341 3715 Cherusci

315 3758 449 3839 tillitus
481 3770 744 3849 immissarum,
787 3771 870 3833 inter
902 3791 982 3853 quos
1015 3769 1145 3850 insignis
1176 3767 1339 3831 Arminius

314 3910 420 3966 manu,
440 3908 529 3967 voce,
553 3889 685 3954 retinere
707 3888 899 3953 sustentabat
921 3902 1069 3968 pugnans,
1089 3884 1338 3966 incubueratque

314 4002 477 4083 sagittariis
502 4004 557 4066 itln
582 4017 753 4086 rupturus,
789 4005 824 4066 ni
844 4003 1017 4067 Raetorum
1036 3999 1338 4081 Vindelicorumque

252 4208 254 4213 Ι
315 4132 346 4182 et
363 4117 492 4200 gallicae
516 4120 661 4185 cohortes
688 4119 777 4202 signa
802 4119 997 4197 objecissent.
1045 4118 1117 4183 nisu
1142 4130 1246 4182 tamen
1267 4136 1337 4181 cor·
