2950 4775
539 434 773 503 utrumnum
987 449 995 464 ’
1154 438 1177 502 3

157 616 227 678 aliis
254 616 386 678 aliarum
413 614 576 678 nationum
601 617 767 679 connubiis
795 615 928 677 infectos
954 613 1115 696 propriam
1146 624 1176 674 et

157 736 309 797 sinceram
338 745 369 794 et
396 746 518 795 tantum
546 734 596 795 sui
617 733 751 795 similem
772 744 894 811 gentem
917 730 1070 793 exstitisse
1093 728 1176 792 arbi·

156 860 289 911 trantur.
331 846 425 909 Unde
452 847 578 910 habitus
609 867 736 930 quoque
766 866 951 927 corporum,
994 867 1175 928 quanquam

156 963 189 1024 in
218 974 304 1023 tanto
333 963 496 1023 hominum
527 981 677 1037 numero,
706 959 808 1024 idem:
839 960 985 1023 omnibus
1013 971 1116 1023 truces
1146 973 1177 1022 et

157 1077 295 1138 coerulei
316 1075 415 1153 oculi,
436 1076 548 1136 rutilae
571 1094 693 1152 comae,
713 1096 826 1154 magna
848 1095 982 1155 corpora
1003 1087 1034 1136 et
1054 1087 1177 1136 tantum

158 1188 196 1251 ad
218 1190 370 1271 impetum
390 1188 504 1251 valida.
545 1188 663 1250 laboris
693 1199 789 1270 atque
818 1209 949 1269 operum
975 1210 1041 1252 non
1068 1188 1178 1252 eadem

156 1307 322 1390 patientia,
351 1306 542 1387 minimeque
563 1304 645 1367 sitim
670 1316 854 1387 aestumque
875 1308 1030 1385 tolerare,
1059 1306 1178 1385 frigora

159 1436 251 1505 atque
273 1420 409 1482 inediam
432 1421 519 1482 coelo
542 1420 649 1482 solove
673 1432 888 1480 assueverunt.

243 1541 342 1602 Terra
372 1539 429 1599 etsi
459 1538 617 1619 aliquanto
647 1535 750 1617 specie
779 1532 897 1613 differt,
932 1535 965 1596 in
995 1534 1208 1598 universums

158 1652 262 1721 tamen
284 1667 338 1717 aut
359 1654 443 1717 silvis
466 1652 596 1716 horrida
617 1665 672 1714 aut
691 1649 860 1733 paludibus
883 1651 984 1728 foeda,
1008 1650 1178 1730 humidior,

159 1794 221 1855 qua
253 1770 386 1847 Gallias,
423 1769 600 1844 ventosior,
637 1787 700 1847 qua
730 1764 883 1826 Noricum
915 1786 950 1825 ac
981 1766 1179 1827 Pannoniam

160 1887 282 1967 aspicit3
304 1884 377 1946 satis
399 1884 506 1960 ferax,
524 1882 810 1963 frugiferarumque
833 1883 982 1943 arborum
1002 1879 1178 1961 impatiens,

158 2022 309 2083 pecorum
336 1998 488 2077 fecunda,
519 1999 573 2061 sed
604 2000 790 2080 plerumque
818 1998 1005 2078 improcera.
1056 2000 1105 2064 Ne
1128 2020 1179 2060 ar-

159 2116 271 2176 mentis
293 2111 420 2197 quidem
441 2133 517 2175 situs
544 2114 649 2175 honor
674 2123 732 2186 ‚aut
754 2111 854 2191 gloria
874 2112 1007 2176 frontis:
1046 2105 1179 2176 numero

159 2227 304 2307 gaudent,
327 2247 444 2307 eaeque
468 2228 553 2288 solae
575 2237 606 2287 et
627 2226 818 2304 gratissimae
840 2245 917 2307 opes
937 2238 1021 2290 sunt.
1060 2229 1181 2308 Argen·

159 2358 226 2406 tum
248 2355 279 2404 et
303 2361 414 2404 aurum
436 2340 606 2422 propitiine
629 2360 669 2402 an
690 2339 763 2402 irati
790 2329 833 2402 dii
854 2343 1036 2421 negaverint
1060 2339 1181 2405 dubito.

160 2479 217 2520 nec
246 2471 350 2520 tamen
376 2454 611 2531 affirmaverim,
641 2455 760 2516 nullam
783 2455 970 2516 Germaniae
992 2477 1106 2519 venam
1130 2477 1181 2516 ar-

159 2585 287 2653 gentum
308 2591 458 2632 aurumve
479 2569 621 2648 gignere,
644 2569 714 2650 quis
736 2569 819 2629 enim
842 2581 996 2632 scrutatus
1014 2566 1081 2632 est?
1106 2589 1180 2650 pos-

160 2689 296 2750 sessione
326 2699 357 2748 et
386 2705 446 2747 usu
475 2683 560 2746 haud
594 2684 725 2765 perinde
756 2684 945 2748 afficiuntur.
997 2684 1044 2747 esi
1073 2684 1179 2751 videre

161 2800 245 2883 alrrrd
267 2803 338 2863 illos
361 2811 507 2880 argentea
528 2820 619 2876 vasa,
649 2800 757 2879 legatis
788 2811 819 2861 et
845 2800 1041 2882 principibus
1070 2822 1179 2863 eorum

160 2917 284 2978 muneri
307 2903 391 2991 data,
416 2934 481 2975 non
503 2915 536 2974 in
559 2912 620 2975 alia
639 2913 759 2976 vilitate
781 2934 877 2996 quarn
898 2935 978 2996 quae
1000 2918 1098 2977 hamio
1121 2916 1180 2976 fin·

101 3015 103 3019 ¹
161 3044 287 3111 guntur.
338 3049 519 3112 quanquam
548 3026 687 3108 proximi
719 3029 760 3088 ob
794 3048 886 3089 usum
921 3029 1180 3091 commerciorum

162 3167 274 3208 aurum
296 3159 326 3206 et
350 3157 511 3224 argentum
539 3144 572 3204 in
602 3142 704 3223 pretio
732 3144 851 3204 habent
878 3145 1058 3227 formasque
1086 3164 1181 3226 quas·

163 3260 234 3324 dam
260 3273 385 3323 nostrae
407 3261 558 3341 pecuniae
581 3268 753 3338 agnoscunt
775 3271 868 3341 atque
890 3260 1023 3339 eligunt:
1052 3259 1181 3321 interio-

161 3398 212 3439 res
233 3377 405 3457 simplicius
427 3389 457 3437 et
479 3376 637 3459 antiquius
658 3377 890 3458 permutatione
914 3374 1064 3435 mercium
1088 3386 1182 3434 utern-

161 3503 222 3552 tur.
245 3480 414 3551 Pecuniam
435 3491 571 3570 probant
590 3501 729 3553 veterem
752 3502 784 3553 ct
812 3488 866 3551 diu
891 3502 1015 3567 notam,
1046 3502 1182 3551 serratos

162 3604 354 3687 bigatosque.
397 3604 568 3683 Argentum
591 3624 718 3686 quoque
747 3604 843 3683 magis
873 3623 968 3685 quam
995 3625 1107 3664 aurum
1135 3624 1183 3665 se-

162 3730 313 3799 quuntur,
334 3719 421 3778 nulla
436 3717 600 3793 affectione
617 3716 722 3793 animi,
741 3714 796 3781 sed
815 3716 889 3803 quia
907 3739 1057 3781 uumerus
1074 3707 1183 3796 argen-

162 3844 285 3894 teorum
309 3831 430 3893 facilior
450 3831 523 3891 usui
544 3842 590 3891 est
609 3829 787 3910 promiscua
809 3852 845 3892 ac
868 3831 943 3894 vilia
964 3831 1183 3893 mercantibus.

247 3946 295 4008 Ne
317 3947 437 4008 fesrrram
465 3944 592 4027 quidem
616 3958 776 4027 superest,
806 3947 884 4007 sicut
911 3967 950 4006 ex
971 3965 1084 4025 genere
1105 3944 1213 4004 telo-6

163 4083 236 4123 rum
254 4064 417 4142 colligitur.
459 4062 536 4124 Rari
553 4060 741 4141 gladiis-aut
761 4063 933 4140 majoribus
954 4061 1069 4123 lanceis
1090 4074 1185 4121 utun·

164 4187 232 4236 tur:
265 4176 381 4252 hastas,
403 4178 454 4238 vel
474 4176 615 4257 ipsorum
638 4177 792 4237 vocabulo
822 4177 971 4250 frameas,
998 4187 1108 4254 gerunt
1129 4196 1185 4235 an·
1261 4256 1265 4263 ,-

881 4289 928 4351 1*
