2950 4775
481 341 819 442 exinanimus
1115 371 1160 440 st

136 555 295 629 sumptam
321 564 485 629 nunquam
515 544 680 610 ambisset.
727 545 808 609 iales
838 542 992 610 hbertatis
1020 547 1160 612 vocabu·

137 660 207 722 lum
234 657 362 722 obtendi
392 660 432 721 ab
457 656 507 722 his
529 659 585 743 qui
607 657 757 744 privatim
784 657 969 741 degeneres,
998 663 1034 726 in
1053 662 1161 746 publi·

139 795 212 837 cum
231 772 355 837 exitiosi
375 773 456 835 nihil
472 775 540 856 spei
561 749 700 858 nisiper
720 769 891 838 discordias
905 776 1052 838 habeant.
1094 773 1161 839 Ad·

140 889 300 967 strepebat
324 885 399 949 hinc
428 887 530 950 alacre
558 887 687 967 tulgus,
719 897 751 948 et
769 906 883 967 magno
906 886 989 949 inter
1007 887 1162 951 barbaros

140 999 263 1084 proelio
283 999 384 1065 victor
404 1021 479 1081 rex,
512 998 585 1064 dein
607 998 746 1065 secunda
766 1002 895 1065 fortuna
921 1000 962 1064 ad
983 1001 1162 1084 superbiam

139 1116 308 1197 prolapsus
329 1116 518 1199 pulsusque,
547 1137 582 1179 ac
605 1093 716 1179 rursus
741 1114 1027 1196 Langobardorum
1047 1114 1163 1198 opibus

140 1232 276 1294 refectus
298 1252 357 1314 per
377 1234 474 1309 laeta,
493 1251 553 1314 per
571 1229 703 1297 adversa
724 1252 777 1296 res
799 1234 962 1297 choruscas
985 1231 1163 1297 afflictabat.

225 1345 290 1408 Per
313 1344 398 1408 idem
415 1358 548 1428 tempus
577 1345 695 1410 Cauchi
721 1348 810 1410 nulla
839 1346 1033 1411 dissensione
1062 1345 1157 1427 domi,
1177 1360 1265 1426 11,18

143 1469 176 1519 et
194 1472 294 1524 morte
315 1457 482 1544 Sanquinii
501 1462 634 1543 alacres,
663 1461 739 1525 dum
764 1462 904 1527 Corbulo
927 1462 1091 1545 adventat,
1113 1463 1164 1524 in·
1240 1547 1242 1552 ,

143 1574 291 1639 seriorem
321 1576 522 1641 Germaniam
550 1577 752 1643 incursavere
783 1577 862 1643 duce
894 1578 1078 1651 Gannasco,
1107 1578 1166 1660 qui

143 1688 271 1752 natione
293 1689 500 1770 Canninelas,
524 1692 679 1755 auxiliare
704 1691 897 1776 stipendium
919 1692 1064 1770 meritus,
1090 1703 1165 1774 post

143 1804 322 1884 rancinga,
349 1805 472 1871 levibus
484 1805 623 1887 'navigiis
643 1804 890 1891 praedabundus
911 1807 1075 1870 Gallorum
1097 1826 1165 1868 ma·

144 1916 230 1978 xime
252 1938 342 1981 oram
361 1922 512 2001 vastabat,
535 1941 600 1984 non
621 1922 749 2005 ignarus
773 1921 852 1986 dites
874 1934 905 1985 et
924 1923 1067 1984 imbelles
1088 1941 1167 1984 esse.

145 2029 188 2091 At
208 2027 350 2094 Corbulo
378 2034 574 2116 provinciam
601 2034 761 2117 ingressus
789 2058 902 2119 magna
930 2057 1002 2099 cum
1029 2051 1104 2098 cura
1134 2046 1166 2097 et

146 2163 222 2208 mox
242 2146 349 2226 gloria,
370 2149 421 2211 oui
441 2148 633 2234 principium
656 2152 712 2215 iila
732 2150 844 2216 militia
864 2150 935 2229 fuit,
955 2149 1101 2212 triremes
1119 2148 1166 2209 al·

145 2280 206 2324 veo
234 2261 356 2343 Rheni,
387 2276 507 2329 ceteras
529 2267 673 2346 navium,
704 2277 741 2329 ut
767 2284 911 2349 quaeque
941 2263 1079 2341 habiles,
1107 2282 1167 2345 per

144 2377 301 2442 aestuaria
324 2391 357 2445 et
376 2380 475 2446 fossas
502 2379 621 2465 adegit,
647 2380 858 2466 lintribusque
878 2379 1017 2445 hostium
1038 2376 1169 2462 depres-

145 2489 188 2554 sis
216 2504 248 2554 et
273 2495 441 2559 sxteubato
462 2494 643 2574 Gannasco,
669 2495 727 2559 ubi
748 2494 925 2576 praesentia
945 2493 1018 2557 satis
1039 2509 1168 2574 compo·

147 2604 206 2668 sits
230 2619 320 2687 sunt,
349 2608 488 2689 legiones
514 2627 647 2690 operum
673 2621 704 2672 et
725 2609 844 2673 laboris
868 2609 1009 2688 ignaras,
1034 2605 1170 2689 popula·

146 2716 285 2788 tionibus
304 2724 474 2807 laetantes,
500 2737 639 2791 veterem
659 2723 699 2789 ad
720 2744 842 2790 morem
862 2723 1006 2803 reduxit,
1035 2744 1075 2786 ne
1097 2720 1170 2806 quis

147 2839 269 2920 agmine
289 2839 452 2905 decederet
473 2862 532 2904 nec
550 2863 688 2924 pugnam
711 2841 773 2906 nisi
792 2846 895 2921 jussus
912 2838 1020 2903 iniret.
1061 2837 1171 2902 statio·

146 2976 222 3036 nes,
242 2957 381 3040 vigiliae,
403 2954 516 3022 diurna
535 2972 753 3042 nocturnaque
772 2956 882 3021 munia
901 2956 936 3020 in
957 2954 1052 3020 armis
1073 2959 1170 3036 agita·

146 3066 273 3136 benum.
314 3070 497 3158 Feruntque
519 3074 659 3152 militem,
680 3073 756 3158 quia
778 3074 896 3137 vallum
915 3091 982 3134 non
1005 3068 1170 3146 accinctus,

148 3198 244 3269 atque
272 3184 388 3265 alium,
426 3185 503 3270 quia
532 3186 669 3270 pugione
699 3197 824 3249 tantum
854 3185 1009 3249 accinctus
1038 3181 1183 3259 foderet,

148 3310 250 3362 morte
273 3299 412 3381 punitos.
453 3320 534 3383 quae
556 3298 668 3378 nimia,
690 3312 721 3362 et
740 3297 897 3362 incertum
918 3321 957 3363 an
980 3298 1060 3360 falec
1079 3300 1171 3376 jacta,

148 3413 301 3495 originem
319 3426 424 3479 tamen
445 3437 462 3478 e
486 3414 651 3479 severitate
673 3413 762 3478 ducis
784 3427 925 3494 traxere,
949 3414 1169 3495 intentumque

148 3540 182 3590 et
201 3528 320 3609 magnis
341 3526 462 3611 delictis
481 3529 711 3591 inexorabilem
734 3528 831 3605 scias,
860 3528 912 3591 cui
937 3539 1059 3590 tantum
1080 3544 1171 3607 aspe-

146 3634 249 3697 ritatis
270 3636 362 3698 etiam
384 3633 535 3701 adversus
555 3639 638 3704 levia
663 3636 860 3700 credebatur.

235 3747 381 3814 Ceterum
414 3748 442 3812 is
472 3760 578 3813 terror
604 3750 719 3813 milites
746 3751 916 3833 hostesque
944 3748 981 3811 in
1012 3747 1171 3813 diversum
1189 3726 1274 3820 11,1s

147 3862 261 3927 affecit.
304 3885 363 3928 nos
382 3865 533 3930 virtutem
562 3865 726 3946 auximus,
758 3865 885 3929 barbari
905 3865 1055 3929 ferociam
1072 3864 1172 3926 inire·

147 3998 233 4058 gere.
274 3979 313 4042 Et
334 3979 421 4043 natio
444 3980 621 4044 Frisiorum
648 3994 721 4065 post
743 3982 948 4047 rebellionem
972 3977 1058 4043 clade
1080 3977 1173 4041 Lucii

149 4091 285 4173 Apronii
304 4104 447 4175 coeptam
473 4093 598 4159 Mensa
623 4108 679 4159 aut
706 4093 787 4161 male
815 4086 878 4160 lida
904 4093 983 4159 datis
1010 4091 1172 4158 obsidibus
