2950 4775
315 370 361 438 76
662 362 726 431 EX
748 356 982 430 HISTORIIS

313 541 476 606 tudinibus
489 542 599 604 fessos.
626 535 689 602 Sed
702 534 808 600 addito
821 536 922 618 spatio
936 531 1111 598 rediturum
1124 529 1216 593 ethis
1230 530 1336 593 robur

314 656 513 720 meditatione
531 656 617 718 belli.
657 674 715 716 nec
730 654 841 735 procul
856 649 1071 726 Germaniam,
1092 643 1177 708 unde
1195 643 1289 709 vires.

228 782 282 845 ³‚b
400 772 444 857 (a.
465 767 520 856 69)
542 793 578 834 ac
598 793 638 833 ne
660 772 796 833 inermes
823 765 1005 850 provinciae
1031 762 1173 827 barbaris
1194 758 1335 822 nationi-

312 893 373 953 bus
395 898 643 970 exponerentur,
672 885 829 967 principes
850 880 1064 946 Sarmatarum
1083 877 1253 955 lemgum,
1274 892 1335 954 pe·

313 1023 368 1064 nee
389 1020 468 1085 quos
490 999 622 1064 civitatis
641 1000 790 1077 regimen,
811 997 846 1060 in
867 993 1081 1056 commilitium
1100 987 1220 1051 adsciti.
1261 987 1335 1067 ple·

312 1116 384 1176 bem
401 1135 529 1198 quoque
545 1125 576 1176 et
589 1114 654 1178 uim
670 1112 828 1197 equitum‚.
839 1131 902 1194 qua
918 1111 984 1173 sola
999 1107 1115 1183 ualent,
1136 1104 1333 1167 offerebant:

311 1231 476 1291 remissum
489 1227 523 1290 id
536 1248 668 1304 munus,
690 1248 731 1288 ne
748 1227 831 1289 inter
848 1222 1017 1286 discordiae
1035 1232 1165 1285 externa
1180 1215 1334 1277 moliren-

312 1354 366 1403 tur
386 1355 441 1404 aut
459 1347 576 1420 majore
598 1362 640 1402 ex
660 1339 785 1409 diverso
806 1334 949 1400 mercede
970 1341 1019 1415 jus
1038 1335 1147 1415 fasque
1166 1338 1333 1391 exuerent.

311 1452 496 1517 Trahuntur
516 1455 550 1516 in
570 1467 675 1536 partes
694 1452 771 1516 Sido
787 1467 881 1537 atque
896 1451 1021 1515 Italicus
1038 1465 1125 1528 reges
1140 1447 1331 1522 Sacrorum,

310 1571 382 1653 quis
402 1582 491 1634 vetus
511 1570 699 1653 obsequium
719 1590 794 1650 erga
809 1569 979 1644 Romanos,
1003 1580 1034 1629 et
1053 1585 1128 1647 gene
1148 1562 1221 1626 fidei
1241 1581 1330 1624 com·

308 1685 420 1748 missae
431 1684 610 1767 patientior.
637 1685 744 1750 Posita
754 1685 789 1746 in
801 1687 882 1749 tatus
893 1682 1011 1749 auxilia
1022 1682 1133 1745 infesta
1144 1678 1263 1755 Raetia,
1277 1675 1331 1740 cui

306 1798 438 1862 Porcius
454 1797 647 1880 Septiminus
664 1812 852 1880 procurator
865 1811 940 1876 erat,
961 1796 1162 1876 incorruptae
1179 1813 1252 1872 erga
1267 1789 1329 1854 Vi·

305 1910 427 1973 tellium
439 1909 524 1973 fidei.
552 1911 651 1990 Igitur
661 1910 810 1973 Sextilius
821 1909 912 1975 Felix
924 1929 995 1973 cum
1008 1909 1057 1973 ala
1067 1908 1199 1971 auriana
1209 1917 1240 1966 et
1254 1915 1327 1968 octo

305 2024 541 2116 cohortibusac
554 2022 745 2087 Noricorum
760 2027 923 2101 juventute
941 2019 982 2086 ad
995 2017 1210 2102 occupandam
1223 2017 1328 2098 ripam

304 2139 386 2201 Aeni
401 2138 550 2215 flandriis,
570 2135 657 2220 quod
672 2136 787 2201 Raetos
804 2136 1001 2219 Noricosque
1018 2130 1179 2208 interfluit,
1199 2131 1325 2192 missus.

220 2265 292 2327 ata
388 2249 432 2335 (a.
454 2247 510 2335 69)
537 2251 632 2313 simul
655 2251 766 2332 ingens
794 2249 1023 2313 Germanorum
1044 2248 1093 2312 vis
1119 2268 1179 2330 per
1200 2246 1328 2312 Raetias

303 2368 484 2429 timebatur.

219 2495 289 2558 :tal
389 2480 466 2545 Sido
490 2493 584 2565 atque
605 2480 731 2543 Italicus
751 2476 849 2543 Suevi
876 2501 947 2544 cum
973 2478 1101 2543 delectis
1120 2479 1327 2562 popularium

303 2600 437 2680 primori
455 2598 488 2659 in
510 2598 575 2660 acie
595 2598 812 2660 versabantur.

218 2729 290 2790 aas
390 2706 434 2794 (a.
456 2706 510 2792 69)
535 2710 571 2771 in
596 2708 730 2771 Galliam
758 2707 876 2770 Iulium
904 2704 1057 2771 Calenum
1077 2706 1258 2784 tribunum,
1287 2706 1324 2768 in

305 2825 506 2889 Germaniam
534 2824 697 2905 Alpinium
726 2823 916 2886 Montanum
949 2823 1143 2904 praelectum
1175 2822 1325 2898 cohortis,

304 2937 391 3020 quod
417 2939 469 2999 hic
496 2938 610 3000 Treuir
617 2982 627 3016 ,
659 2936 795 3000 Calenus
818 2935 967 3014 Aeduus,
997 2951 1130 3021 uterque
1159 2935 1324 3001 Vitelliani

301 3054 444 3132 fuerant,
473 3054 610 3116 ostentui
628 3052 752 3115 misere.
794 3050 889 3114 simul
909 3050 1056 3113 transitus
1079 3050 1209 3132 Alpium
1228 3070 1324 3133 prae-

301 3166 389 3229 sidiis
413 3167 574 3250 occupati,
601 3178 744 3249 suspecta
771 3165 957 3243 Germanis,
986 3178 1137 3249 tanquam
1165 3165 1200 3228 in
1229 3164 1324 3228 auxi·

300 3281 379 3342 lium
399 3281 521 3344 Vitellii
541 3282 764 3361 accingeretur.

216 3412 243 3475 3,
251 3412 285 3463 41
385 3389 428 3476 (a.
451 3393 506 3474 69)
528 3394 583 3455 ubi
604 3394 726 3472 cognito
744 3413 867 3474 pugnae
885 3390 1099 3456 cremonensis
1121 3403 1236 3456 eventu
1253 3404 1320 3452 nott

299 3503 448 3583 ignavum
476 3516 508 3567 et
536 3506 564 3568 si
589 3506 787 3587 provenisset
808 3517 900 3567 atrox
928 3506 1092 3568 consilium
1116 3504 1188 3567 iniit
1203 3497 1250 3587 *)‚
1283 3515 1320 3564 ut

301 3624 434 3703 arreptis
463 3622 595 3684 navibus
628 3622 663 3683 in
701 3641 921 3703 quamcunque
957 3633 1080 3702 partem
1109 3619 1318 3682 narbonensis

299 3736 480 3813 prouinciae
501 3755 640 3813 egressus
665 3734 800 3811 Gallias,
828 3745 858 3795 et
879 3734 1054 3814 exercitus,
1079 3746 1110 3797 et
1132 3733 1318 3797 Germaniae

299 3859 405 3927 gentes
425 3867 608 3930 novumque
630 3849 750 3911 bellum
770 3848 875 3910 cieret.

352 4073 378 4141 ⁴)
397 4072 501 4128 vans.
