2950 4775
484 410 545 479 EX
568 408 804 480 HISTORIIS
1106 409 1147 476 91

131 583 335 650 dominorum
362 581 511 667 ingenia?
552 607 592 651 en
614 608 671 668 ego
694 587 871 671 praefectus
896 587 991 650 unius
1012 586 1149 650 cohortis

130 713 163 764 et
197 699 419 766 Canninefates
455 702 629 786 Batavique
636 744 646 780 ,
688 703 801 782 exigua
837 701 1009 764 Galliarum
1042 701 1149 783 portio

129 835 213 878 vana
240 814 295 876 illa
323 826 496 878 castrorum
521 813 622 896 spatia
648 812 839 893 excidimus,
868 817 921 880 vel
948 827 1034 897 septa
1062 816 1149 877 ferro

130 929 276 1012 fameque
297 931 479 1011 premimus.
520 929 657 1014 denique
684 950 778 994 ausos
807 941 863 993 aut
887 930 1016 993 libertas
1038 950 1150 1014 seque·

129 1054 200 1123 tur,
229 1057 283 1107 aut
309 1044 383 1108 victi
410 1045 504 1108 iidem
530 1048 665 1110 erimus!
708 1046 760 1111 Sic
784 1066 963 1124 accensum,
994 1043 1049 1107 sed
1070 1047 1151 1107 mol·

128 1158 212 1221 liora
240 1158 359 1221 referre
386 1166 505 1237 jussum
536 1157 672 1223 dimittit.
713 1162 767 1223 ille
796 1172 832 1222 ut
856 1159 964 1222 irritus
989 1155 1150 1238 legationis

128 1272 213 1336 redit
233 1288 335 1336 cetera
355 1274 553 1337 dissimulans
574 1298 655 1359 quae
675 1296 753 1339 mox
773 1295 917 1357 erupere.

217 1389 324 1454 Civilis
354 1402 443 1472 parte
473 1393 635 1473 copiarum
662 1403 786 1454 retenta
816 1403 978 1454 veteranas
1007 1385 1151 1448 cobortes
1164 1389 1235 1455 aas

131 1515 163 1564 et
191 1503 277 1587 quod
306 1526 323 1567 e
352 1505 518 1569 Germanis
542 1506 679 1569 maxime
705 1520 887 1590 promptum
913 1504 1062 1568 adversus
1082 1503 1151 1565 Vo-

133 1618 235 1678 culam
260 1618 493 1702 exercitumque
515 1622 581 1698 ejus
606 1618 701 1683 mittit
728 1620 812 1682 lulio
838 1619 981 1682 Maximo
1003 1631 1034 1679 et
1056 1616 1151 1679 Clau·

131 1728 184 1793 dio
205 1731 332 1796 Victore
354 1734 472 1798 sororis
491 1753 566 1797 suae
586 1734 652 1798 filio
672 1733 815 1798 ducibus.
856 1732 984 1815 rapiunt
1000 1730 1033 1790 in
1049 1741 1152 1790 trans·

129 1846 177 1909 itu
203 1849 336 1910 hiberna
365 1851 432 1911 alae
459 1851 635 1931 Asciburgii
655 1852 730 1931 sita,
754 1848 895 1932 adeoque
916 1844 1080 1929 improvisi
1099 1865 1151 1906 ca·

128 1975 196 2026 stra
216 1963 407 2041 involavere,
428 1979 549 2028 utnon
570 1965 697 2050 alloqui,
718 1986 784 2028 non
804 1964 945 2047 pandere
965 1963 1063 2026 aciem
1082 1962 1151 2023 Vo-

129 2081 204 2140 cula
227 2080 376 2159 potuerit.
419 2078 453 2142 id
480 2082 599 2160 solum,
622 2083 715 2144 utin
736 2084 890 2159 tumultu,
916 2079 1054 2153 monuit,
1076 2079 1151 2139 sub·

129 2190 262 2270 signano
292 2192 389 2254 milito
418 2191 521 2254 media
547 2193 684 2258 firmare.
725 2193 843 2256 auxilia
873 2194 989 2276 passim
1019 2191 1151 2255 circum·

132 2306 204 2368 fusa
225 2319 307 2368 sunt.
349 2308 455 2391 Eques
483 2309 629 2392 prorupit
655 2308 868 2393 exceptusque
889 2307 1068 2391 compositis
1092 2306 1152 2366 ho·

130 2419 227 2481 stium
249 2418 414 2484 ordinibus
434 2435 521 2502 terga
541 2412 576 2484 in
599 2443 673 2486 suos
693 2423 798 2487 vertit.
841 2421 951 2485 caedes
972 2420 1063 2501 inde,
1086 2442 1151 2484 non

128 2534 297 2613 proelium.
348 2550 379 2598 et
408 2536 601 2601 Nerviorum
634 2539 780 2620 cohortes
813 2551 899 2600 metu
934 2558 989 2600 seu
1020 2535 1153 2618 perfidia

127 2649 228 2711 latera
248 2662 428 2714 nostrorum
450 2652 621 2717 nudavere.
663 2652 715 2715 Sic
737 2652 777 2715 ad
797 2653 935 2731 legiones
953 2662 1152 2732 perventum,

130 2785 214 2848 quae
246 2765 365 2828 amissis
394 2768 489 2848 signis
517 2769 602 2831 intra
630 2770 747 2834 vallum
779 2768 1018 2842 sternebantur,
1052 2784 1152 2848 quum

129 2891 261 2961 repente
287 2901 372 2944 novo
397 2882 517 2944 auxilio
539 2883 667 2945 fortuna
689 2901 813 2963 pugnae
834 2892 983 2942 mutatur.
1031 2877 1152 2939 Vasco·

132 3016 209 3056 num
228 2996 326 3057 lectae
349 3019 368 3058 a
383 2995 485 3059 Galba
501 2999 646 3060 cohortes
666 3019 702 3060 ac
719 3010 789 3058 tum
807 2995 932 3069 accitae,
955 2991 1029 3055 dum
1044 2990 1151 3052 castris

130 3109 356 3191 propinquant,
377 3109 485 3175 audito
499 3112 722 3193 proeliantium
737 3114 871 3174 clamore
889 3107 1024 3168 intentos
1045 3108 1150 3167 hostes

131 3241 150 3281 a
169 3207 257 3301 tergo
278 3221 454 3303 invadunt,
468 3225 673 3307 latioremque
694 3235 790 3307 wem
811 3242 872 3303 pro
893 3239 1026 3281 numero
1050 3232 1152 3280 terro·

128 3353 197 3395 rem
218 3334 346 3415 faciunt,
370 3337 439 3399 aliis
460 3361 479 3400 a
498 3338 649 3417 Novesio,
670 3338 739 3399 aliis
761 3359 779 3399 a
799 3337 998 3417 Mogontiaco
1022 3331 1152 3395 univer·

130 3466 181 3510 sas
208 3449 315 3531 copias
344 3449 506 3515 advenisse
535 3450 746 3514 credentibus.
794 3451 825 3512 Is
850 3468 940 3510 error
970 3444 1056 3508 addit
1083 3444 1151 3506 ani·

130 3582 216 3638 mos,
250 3574 282 3623 et
309 3559 385 3624 dum
415 3565 524 3626 alienis
556 3565 675 3627 viribus
702 3562 865 3627 confidunt
893 3581 966 3624 suas
993 3580 1151 3641 recepere.

130 3677 333 3741 Fortissimus
356 3679 490 3763 quisque
515 3701 531 3742 e
554 3681 696 3760 Batavis,
726 3694 881 3763 qssantum
909 3678 1047 3761 peditum
1074 3688 1151 3754 erat,

130 3787 326 3858 funduntur:
362 3815 457 3877 eques
489 3795 587 3860 erasit
615 3815 686 3857 cum
720 3793 815 3873 signis
847 3792 1039 3874 captivisque
1070 3808 1150 3872 quos

128 3911 233 3992 prima
263 3911 328 3973 acie
356 3901 582 3993 corripuerant.
624 3908 796 3972 (laesorum
820 3929 858 3971 eo
882 3906 932 3970 die
953 3908 986 3967 in
1007 3906 1150 3988 partibus

129 4025 246 4086 uostris
271 4029 373 4104 maior
399 4044 550 4089 numerus
580 4035 611 4086 et
638 4022 815 4099 imbellior,
846 4043 863 4084 e
890 4018 1054 4118 Germanis
1082 4016 1150 4100 ipsa

127 4143 258 4201 robora.
