2950 4775
344 443 388 509 66
703 434 765 500 EX
790 431 1022 502 HISTORIIS

351 619 391 682 ad
421 613 630 700 germanicum
667 609 839 676 exercitum
872 614 998 692 legatos.
1062 608 1207 692 agitamm
1240 627 1371 690 secreto,

349 755 425 795 num
445 744 475 794 et
495 734 567 795 Piso
587 729 837 813 proficisceretur
856 732 973 807 maiore
993 737 1168 809 praetextu,
1191 727 1238 790 illi
1261 740 1370 791 aucto·

348 853 471 913 ritatem
498 860 622 911 senatus
651 847 703 909 hic
730 844 941 926 dignationem
968 843 1099 906 caesaris
1125 844 1258 906 laturus.
1299 845 1370 926 pla·

350 966 438 1027 cebet
467 974 497 1024 et
517 960 677 1024 Laconem
703 960 853 1042 praetorii
878 958 1070 1041 praelectum
1096 958 1189 1020 simul
1214 959 1311 1021 mitti:
1343 959 1370 1021 is

351 1081 481 1145 consilio
502 1077 685 1142 intercessit.
703 1132 705 1137 ⁴
725 1077 820 1158 legati
841 1080 971 1161 quoque
991 1074 1079 1157 (nam
1098 1088 1224 1153 senams
1244 1076 1370 1138 electio·

352 1219 422 1260 nem
440 1197 558 1261 Galbae
576 1194 773 1280 permiserat)
794 1193 888 1257 foeda
904 1192 1112 1256 inconstantia
1130 1192 1291 1273 nominati,
1312 1213 1371 1254 ex-

346 1315 459 1395 cusati,
482 1314 639 1378 substituti
659 1313 778 1374 ambitu
788 1308 1057 1373 ‘remanendi'ant
1077 1307 1182 1388 eundi,
1202 1320 1239 1372 ut
1257 1332 1370 1394 quem·

352 1452 414 1514 qne
435 1435 536 1492 metus'
556 1429 608 1491 rel
629 1448 699 1508 spes
714 1425 899 1507 impulerat.
938 1496 948 1516 ι
1141 1421 1146 1431 ’
1220 1423 1224 1428 ’

270 1529 345 1591 ¹⁹²⁶·
436 1542 480 1629 (a.
503 1542 572 1621 69)'
586 1541 698 1604 Infecit
719 1561 757 1615 ea
777 1541 864 1602 tabes
890 1537 1049 1618 legionum
1076 1558 1205 1623 qnoque
1226 1549 1257 1601 et
1277 1537 1370 1602 auxi-

343 1659 467 1722 liorum
493 1671 592 1720 motas
616 1661 680 1734 jam
701 1656 838 1731 mentes,
867 1664 1034 1739 postquam
1053 1653 1214 1733 vulgatum
1235 1666 1303 1716 erat
1320 1654 1370 1715 la·

351 1777 427 1837 bare
448 1771 616 1853 germanici
636 1766 916 1834 exercitumfidsm.
1041 1770 1044 1774 ’
1292 1762 1295 1767 ’

269 1883 336 1944 nat
396 1892 398 1897 ’
435 1885 479 1969 (a.
500 1883 555 1969 69)
576 1886 635 1947 His
655 1883 802 1967 auspiciis
822 1887 934 1947 urbem
951 1882 1108 1964 ingressus
1127 1904 1223 1967 quam
1238 1881 1372 1964 gloriam

343 2001 394 2065 -ad
419 2001 629 2085 principatum
659 1999 763 2062 atnflt
789 1997 851 2060 nisi
876 1996 969 2061 occisi
991 1995 1173 2063 Obultronii
1199 1994 1316 2061 Sabini
1339 2009 1379 2063 et-

351 2113 492 2179 Cornelii
508 2111 651 2174 Marcelli
669 2111 705 2172 in
725 2111 878 2192 Hispania
886 2140 899 2189 ,·
923 2111 1016 2173 Betui
1033 2109 1177 2174 'Chilonis
1197 2112 1232 2173 in
1258 2111 1370 2191 Gallia,

343 2227 465 2292 ·Fontei
486 2227 646 2310 Capitonis
668 2227 702 2289 in
722 2226 919 2305 Germania,
947 2225 1050 2291 Clodii
1069 2224 1172 2291 Macri
1197 2226 1231 2287 in
1251 2228 1379 2305 Africa,-

352 2341 498 2424 Cingonii
519 2340 552 2404 iu
575 2339 641 2421 via,
672 2340 849 2425 Turpiliani
870 2341 902 2403 in
927 2342 1024 2419 urbe,
1054 2338 1239 2427 Nymphidii
1258 2342 1292 2406 in
1317 2363 1371 2405 ea·

351 2453 447 2520 stris?
462 2452 491 2540 *)
713 2459 717 2462 ’
992 2453 997 2462 '
1167 2453 1171 2460 ⁴

270 2567 356 2625 ¹³9·
439 2571 482 2650 (a.
504 2569 561 2646 69)
582 2568 658 2632 dum
677 2571 802 2652 vigebat
821 2569 915 2648 setas,
937 2568 1063 2633 militari
1075 2567 1168 2633 laude
1183 2569 1272 2653 apud
1289 2567 1371 2633 Ger·

353 2683 472 2747 manias
489 2680 669 2765 floruit.'*†)
740 2683 745 2691 '
1139 2681 1143 2686 ’

270 2803 337 2864 t,50
402 2778 404 2781 ¹
437 2797 481 2877 (a.
504 2797 560 2877 69)
589 2796 758 2880 Trepidam
785 2798 894 2860 urbem
921 2818 955 2859 ac
982 2798 1075 2864 simul
1101 2799 1292 2863 atrocitatem
1316 2822 1370 2863 re·

350 2910 448 2973 centis
476 2910 601 2973 sceleris
630 2909 724 2972 simul
751 2922 873 2972 veteres
904 2907 1038 2975 Othonis
1066 2933 1169 2977 mores
1201 2927 1370 2995 paventem

350 3033 456 3107 novus
479 3024 611 3106 insuper
637 3021 676 3084 de
701 3023 831 3085 ViteIIIo
858 3022 986 3086 nuntius
1012 3029 1166 3089 exterruit
1196 3041 1267 3091 ante
1298 3051 1370 3091 cae·
1463 3025 1464 3044 ³

351 3133 422 3197 dem
438 3134 556 3200 Galbae
570 3143 773 3218 suppressus,
794 3148 829 3198 ut
848 3141 970 3199 tantum
989 3141 1160 3222 superioris
1180 3141 1371 3207 Germaniae

351 3249 522 3314 exercitum
551 3250 715 3316 descivisse
746 3249 925 3315 crederetur
946 3297 1110 3320 ......
1155 3255 1250 3321 Nunc
1279 3249 1370 3322 initia

350 3386 520 3449 causasque
539 3380 643 3429 motus
662 3365 816 3440 vitelliani
837 3366 1012 3449 expediam.

266 3490 334 3551 t‚51
390 3487 393 3495 '
437 3481 536 3546 Caeso
570 3502 642 3543 cum
675 3482 822 3545 omnibus
857 3483 954 3564 copiis
988 3483 1071 3547 Julio
1105 3484 1252 3552 Vindice,
1275 3475 1374 3551 ferox
1461 3473 1462 3536 I

348 3596 465 3679 praeda
484 3596 646 3681 gloriaque
670 3598 844 3673 exercitus,
871 3611 908 3660 ut
933 3598 984 3660 oni
1010 3600 1076 3661 sine
1096 3593 1206 3663 labore
1227 3619 1262 3662 ac
1283 3599 1373 3683 peri·
1461 3553 1462 3642 i

349 3716 420 3775 culo
449 3710 591 3773 ditissimi
616 3713 692 3774 belli
717 3713 849 3777 victoria
876 3716 1044 3791 evenisset,
1078 3704 1309 3796 expeditionem
1340 3723 1374 3774 et
1460 3735 1461 3746 ¹

349 3826 456 3904 aciem,
476 3825 616 3908 praemia
637 3847 730 3909 quam
750 3826 903 3910 stipendia
919 3829 1062 3891 malebat.
1103 3829 1170 3891 Diu
1183 3819 1373 3891 'infructuo-

403 4051 431 4118 *)
450 4053 527 4106 verba
545 4060 605 4107 suut
622 4053 732 4109 Othonis
748 4056 776 4109 iu
793 4055 913 4110 Galbam.
998 4061 1001 4065 '

389 4150 428 4222 ⁸‘)
447 4151 540 4208 Galba.
1125 4191 1128 4198 -

1441 4455 1458 4761 l
