2950 4775
439 260 468 330 tt
492 260 597 330 vl'rs
618 260 880 331 saulceuse
1114 263 1175 331 121

385 634 580 711 uvrm
613 632 949 711 semeonis.
988 576 992 581 ¹
1153 578 1156 583 ’

245 884 336 946 Hanc
364 905 453 948 oram
480 884 645 952 nouissimi
668 883 764 948 maris
792 894 868 947 tunc
888 880 1027 966 primum
1047 901 1178 947 romana
1192 883 1227 934 1⁰

161 996 265 1061 classis
290 997 493 1063 circumvecta
515 999 651 1064 insulam
679 1020 747 1063 esse
776 997 972 1065 Britanniam
999 991 1178 1072 affirmavit,

161 1132 196 1171 ac
217 1112 310 1174 simul
330 1088 509 1195 incognitas*
526 1113 566 1178 ad
591 1114 625 1179 id
652 1128 776 1198 tempus
799 1116 918 1179 insulas
940 1132 1018 1197 quas
1040 1108 1178 1177 Orcadas

160 1239 274 1289 vocant
293 1226 415 1293 invenit
442 1228 636 1315 domuitque.
678 1230 816 1313 dispecta
843 1243 889 1293 est
909 1242 940 1291 et
960 1230 1062 1312 Thyle
1083 1247 1179 1311 quam

159 1340 309 1403 hactenus
329 1344 387 1407 nix
408 1358 440 1407 et
463 1346 564 1408 hiems
593 1349 779 1433 appetebat:
812 1343 868 1409 sed
887 1364 975 1408 mare
1001 1342 1126 1424 pigrum
1147 1353 1179 1404 et

158 1475 253 1534 grave
274 1458 496 1539 remigantibus
521 1461 690 1544 perhibent
709 1483 752 1526 ne
772 1462 873 1529 ventis
894 1457 1022 1545 quidem
1042 1454 1178 1542 proinde

158 1572 270 1635 attolli.

244 1686 393 1752 Ceterum
417 1682 615 1753 Britanniam
636 1688 693 1773 qui
720 1686 870 1751 mortales
897 1683 988 1749 initio
1015 1684 1177 1761 coluerint,
1191 1695 1225 1747 ll

158 1796 322 1880 indigenae
343 1824 384 1864 an
405 1799 536 1881 advecti,
561 1815 597 1866 ut
618 1802 701 1865 inter
720 1802 884 1879 barbaros,
902 1821 1015 1882 parum
1035 1819 1178 1882 comper-

158 1925 237 1977 tum.
291 1916 417 1979 habitus
446 1938 618 2001 corporum
644 1916 725 1983 varii
747 1928 842 2000 atque
863 1937 903 1979 ex
926 1936 964 1980 co
986 1925 1178 1998 argumenta.

159 2049 296 2113 namque
321 2033 434 2095 rutilae
462 2031 665 2096 Caledoniam
691 2031 901 2117 habitantium
921 2051 1046 2112 comae,
1072 2029 1178 2111 magni

158 2154 245 2206 artus
265 2148 472 2224 germanicam
494 2146 648 2227 originem
668 2158 857 2210 asseverant.

242 2259 287 2320 sic
308 2258 492 2322 Germanias
520 2260 693 2327 excussisse
707 2264 847 2342 *jugumz
879 2272 911 2323 et
935 2257 1080 2338 flumine,
1110 2278 1228 2330 non15

140 2375 275 2451 occano
298 2370 440 2439 delendis

243 2484 286 2572 (a.
308 2484 363 2570 83)
394 2486 512 2551 Eadem
536 2499 651 2550 aestate
679 2487 793 2551 cohors
814 2484 986 2570 Usiporum
1014 2505 1072 2568 per
1099 2483 1228 2545 Ger-as

159 2600 277 2665 manias
298 2601 475 2687 conscripta
500 2615 532 2666 ct
557 2604 592 2665 in
612 2603 809 2667 Britanniam
830 2601 1011 2665 transmissa
1030 2620 1179 2680 magnum

159 2736 195 2778 ac
222 2717 426 2781 memorabile
453 2718 574 2782 facinus
604 2739 680 2784 ausa
709 2730 766 2782 cat.
816 2718 917 2782 occiso
938 2715 1121 2784 centurione
1142 2737 1178 2778 ac

158 2827 308 2893 militibus
330 2830 387 2914 qui
413 2829 453 2894 ad
476 2829 662 2896 tradendam
689 2829 887 2913 disciplinam
912 2829 1050 2894 immixti
1076 2831 1178 2892 mani·

157 2944 240 3026 pulis
262 2948 441 3029 exemplum
463 2959 495 3010 et
514 2961 652 3012 rectores
674 2949 891 3025 habebantur,
919 2958 984 3010 tres
1006 2945 1177 3010 liburnicas

159 3054 274 3120 adactis
295 3060 437 3141 pervim
457 3061 719 3141 gubernatoribus
741 3059 924 3140 ascendere,
944 3073 975 3122 et
995 3080 1061 3123 uno
1083 3059 1177 3121 remi·

158 3184 267 3253 gente,
293 3173 444 3256 suspectis
465 3172 589 3238 duobus
612 3196 714 3260 eoque
735 3175 924 3254 interiectis,
945 3171 1087 3240 nondum
1107 3174 1178 3240 uul-

158 3300 229 3367 gato
258 3309 387 3353 rumore
414 3301 450 3353 ut
476 3290 663 3352 miraculum
692 3290 974 3373 pracvehebantur.
1014 3308 1091 3351 mox
1118 3286 1177 3346 hac

159 3412 254 3483 atque
281 3401 336 3462 illa
361 3403 445 3485 rapti
472 3415 504 3465 et
526 3424 597 3465 cum
617 3403 777 3487 plerisque
797 3403 1024 3466 Britannorum
1045 3421 1103 3463 sua
1123 3399 1177 3463 de-

158 3515 348 3578 fensantium
365 3516 487 3598 proelio
504 3515 663 3597 congressi
681 3538 717 3579 ac
735 3536 827 3599 saepe
842 3517 986 3596 victores,
1008 3513 1177 3598 aliquando

159 3633 257 3716 pulsi,
279 3655 317 3697 co
339 3632 386 3712 ad,
402 3646 576 3697 extrenum
597 3633 724 3716 inopiae
747 3653 879 3714 venere,
895 3646 930 3695 ut
949 3631 1177 3695 infirmissimos

158 3767 289 3811 suorum
316 3767 395 3809 mox
422 3748 507 3810 sorte
537 3745 646 3812 ductos
673 3760 883 3812 vescerentur.
924 3760 1017 3831 atque
1044 3747 1176 3811 circum-

158 3862 238 3926 vecti
258 3860 474 3940 Britanniam,
494 3860 614 3925 amissis
635 3883 693 3945 per
715 3861 868 3926 inscitiam
885 3859 1015 3942 regendi
1032 3861 1175 3936 navibus,

158 3997 217 4058 pro
237 3972 451 4057 praedonibus
472 3975 572 4038 habiti
592 3974 729 4058 primum
751 3998 770 4039 a
791 3975 912 4057 Suavis,
928 3997 1005 4040 mox
1026 3998 1045 4039 a
1066 3975 1175 4040 Frisiis
