2950 4775
359 442 404 507 68
706 434 769 501 EX
792 433 1028 503 HISTORIIS

358 612 478 692 integre
506 604 695 672 mutaverat.
744 625 803 668 nec
829 604 1002 670 consularis
1022 604 1116 687 legati
1138 615 1303 685 mensura,
1332 604 1401 671 sed'

359 723 394 784 in
417 716 649 802 majus'omnia
667 719 912 804 accipiebantur.
952 734 989 783 ut
1009 718 1157 784 Vitellius
1183 716 1269 804 apud
1296 740 1394 787 seve·

357 859 412 904 ros
433 834 582 916 humilis,
606 837 650 900 ita
670 838 847 900 comitatem
872 833 1108 920 bonitatemque
1128 836 1270 902 faventes
1290 858 1389 904 voca-

357 954 451 1031 bant,
473 949 560 1037 quod
582 949 649 1014 sine
669 946 784 1029 modo,
813 945 880 1012 sine
899 942 1017 1027 judicio
1040 946 1172 1011 donaret
1195 969 1269 1029 sua,
1290 952 1386 1032 largi-

356 1081 446 1128 retur
466 1065 584 1129 aliena:
616 1066 710 1129 simol
739 1063 885 1129 aviditate
914 1061 1091 1146 imperandi
1120 1060 1189 1146 ipsa
1216 1063 1292 1128 uitia
1320 1086 1383 1148 pro

272 1184 275 1188 ’
355 1178 848 1263 virmtibus'tnserpretsbantur.
896 1177 991 1242 Multi
1016 1180 1052 1242 in
1077 1192 1214 1266 unoque
1239 1178 1381 1246 exercitu

356 1292 437 1362 sicut
456 1294 589 1361 modesti
611 1298 773 1382 quietique
793 1297 837 1361 ita
855 1298 930 1359 mali
952 1308 981 1359 et
1003 1299 1141 1363 strenuis
1171 1296 1228 1363 scd
1246 1293 1380 1381 profusa

356 1411 502 1495 cupidine
533 1423 565 1473 et
592 1408 706 1491 insigni
736 1410 910 1475 temeritate
938 1410 1030 1491 legati
1058 1406 1217 1492 legionum
1246 1413 1379 1475 Alienus

356 1525 490 1590 Caecina
520 1538 552 1588 et
578 1524 697 1589 Fabius
723 1517 861 1600 Valens,
897 1541 915 1584 e
946 1524 1061 1607 quibus
1090 1524 1208 1586 Valens
1234 1523 1378 1586 inlensus

355 1643 493 1721 Galbae,
523 1653 674 1723 tanquam
699 1635 849 1701 detectam
875 1657 895 1698 a
919 1654 953 1700 se
974 1638 1117 1720 Verginii
1136 1639 1376 1719 cunctationem,

354 1776 505 1839 oppressa
538 1751 700 1835 Capitonis
734 1751 865 1813 consilia
896 1749 1017 1832 ingrate
1049 1751 1186 1831 tulisset,
1227 1751 1376 1831 instigare

352 1870 517 1932 Vitellium
551 1866 697 1931 ardorem
733 1866 868 1929 militum
904 1862 1094 1930 ostentans.
1122 1865 1228 1948 ipsum
1258 1867 1376 1931 celebri

351 1982 471 2068 ubique
495 1982 597 2058 lama,
627 1981 747 2042 nullam
768 1978 802 2039 in
824 1979 937 2043 I⁴Iacco
958 1978 1143 2045 Hordeonio
1160 2001 1299 2059 moram,
1327 1982 1374 2044 af·

350 2097 420 2159 fere
446 2094 659 2175 Britanniam,
690 2107 837 2157 secutura
865 2092 1097 2157 Germanorum
1125 2094 1260 2173 auxilia,
1291 2093 1372 2156 male

349 2209 427 2274 fidas
442 2209 629 2294 provincias,
650 2211 829 2294 precarium
843 2209 911 2272 seni
928 2208 1095 2292 inperium
1113 2222 1145 2273 st
1158 2206 1248 2273 brevi
1267 2219 1370 2270 trans·

348 2324 477 2388 iturum.
529 2321 683 2408 panderet
711 2322 808 2390 modo
837 2324 957 2402 sinum,
993 2334 1025 2384 et
1052 2321 1193 2385 uenienti
1222 2322 1369 2386 fortunae
1459 2354 1460 2375 κ

349 2452 535 2505 occurreret.
575 2440 686 2504 merito
715 2437 873 2504 dubitasse
901 2439 1087 2521 Verginium
1118 2441 1257 2525 equestri
1276 2441 1369 2504 femi-

345 2551 399 2630 lia‚
419 2553 526 2633 ignoto
546 2567 655 2637 patre,
680 2554 850 2636 imparem,
877 2556 904 2618 si
922 2555 1090 2638 recepisset
1111 2555 1298 2638 imperium,
1316 2568 1369 2619 tu-

345 2678 429 2748 tum,
449 2671 478 2732 si
498 2667 696 2734 'recusasset'
722 2668 852 2732 Vitellio
874 2680 938 2732 tres
958 2671 1054 2752 patris
1076 2672 1271 2749 consulatus,
1294 2692 1367 2734 cen-

345 2805 468 2863 suram,
498 2785 662 2866 collegium
687 2784 820 2850 caesaris
842 2797 874 2848 et
898 2784 1060 2866 imponere
1079 2788 1142 2865 jam
1163 2784 1287 2867 pridem
1306 2785 1366 2847 im-

343 2903 497 2982 peratoris
518 2899 728 2981 dignationem
750 2913 781 2966 et
805 2903 929 2963 auferre
950 2901 1066 2983 priuati
1086 2904 1295 2965 securitatem.

261 3040 330 3104 1,53
429 3011 637 3090 Quatiebatur
666 3015 715 3077 his
747 3034 841 3095 segne
872 3015 1033 3095 ingenium
1064 3025 1100 3077 ut
1131 3016 1366 3098 concupisceret

341 3129 440 3210 magis
469 3152 564 3214 quam
591 3143 627 3194 ut
657 3142 809 3214 speraret.
861 3130 903 3193 At
933 3130 968 3192 in
999 3129 1163 3212 superiore
1193 3130 1365 3194 Germania

342 3242 477 3308 Caecina
498 3243 611 3309 decora
630 3250 776 3325 iuventa,
800 3265 933 3328 corpore
955 3246 1074 3326 ingens,
1096 3244 1193 3307 animi
1215 3241 1364 3307 immodi-

341 3380 406 3439 cus,
427 3355 504 3423 scito
525 3357 679 3440 sermone,
704 3355 808 3427 erecto
828 3361 954 3423 incessu
974 3358 1077 3424 studia
1095 3359 1229 3422 militum
1249 3357 1363 3419 illexe-
1435 3405 1436 3412 .

337 3487 399 3539 rat.
440 3478 534 3539 Hunc
555 3481 702 3556 juvenem
732 3476 833 3539 Galba
862 3490 1059 3561 quaestorem
1086 3473 1126 3539 in'
1147 3475 1275 3539 Baetica
1300 3472 1362 3537 im·

336 3592 425 3671 pigre
451 3592 487 3653 in
518 3603 620 3672 partes
650 3609 722 3653 suas
754 3585 982 3671 transgressum
1012 3589 1129 3673 legioni
1157 3585 1362 3671 praeposuit3

336 3723 413 3767 nrox
438 3699 646 3787 compertum
659 3705 818 3787 publicam
843 3708 1009 3787 pecuniam
1031 3706 1179 3771 avertisse
1200 3717 1236 3768 ut
1262 3725 1361 3787 pecu·

334 3817 467 3880 latorem
493 3813 627 3899 flagitari
653 3818 752 3896 jussit.
804 3816 938 3881 Caecina
967 3837 1057 3900 aegre
1087 3837 1198 3901 passus
1226 3819 1359 3880 miscere

334 3942 444 3993 cerasta
479 3946 510 3994 et
540 3931 663 4013 privata
692 3934 825 3997 uulnera
856 3935 905 3996 rel
934 3933 1078 4016 publicae
1107 3933 1196 3998 malis
1230 3929 1359 4015 operire

332 4045 448 4106 statuit.
489 4042 557 4107 Nec
575 4041 703 4107 deerant
720 4043 756 4105 in
773 4045 912 4109 exercitu
928 4046 1046 4110 semina
1063 4046 1247 4126 discordiae,
1268 4044 1358 4131 quod

331 4169 362 4219 et
379 4157 464 4220 bello
485 4155 635 4223 adversus
656 4157 822 4225 Vindicem
844 4157 1010 4230 uniuersus
1031 4166 1183 4245 affuerat,
1211 4184 1270 4227 nec
1292 4162 1357 4225 nisi
