2950 4775
482 383 546 455 nx
568 384 823 457 annuamus
1122 386 1166 453 39

225 567 326 650 Igitur
354 570 416 631 huc
449 561 593 629 intendit.
647 564 749 630 micale
777 562 818 629 ad
848 557 960 630 centua
989 563 1163 630 Gallianum
1178 581 1231 645 aa

142 686 258 750 Publia
277 684 408 748 Vitellia
432 694 464 745 et
483 680 560 762 Caio
579 681 690 761 Antio5
709 681 806 744 Sillae
826 694 859 745 et
878 682 1009 762 Antejue
1031 695 1062 745 et
1084 682 1163 745 Gae-

143 799 214 861 cina
233 795 434 860 fabricandae
456 796 547 859 clanei
566 807 817 877 praeponuntur.
858 797 943 858 mille
973 791 1068 864 navae
1096 798 1163 859 suf·

141 911 233 974 ficere
255 911 341 975 vinae
368 924 635 994 pauperemque,
666 910 746 972 aliae
774 912 887 974 breves
913 924 1043 991 angusta
1064 912 1165 994 puppi

140 1043 300 1108 proraque
325 1036 359 1087 et
384 1027 449 1088 lato
475 1037 587 1101 utero,
615 1044 681 1108 que
702 1023 824 1088 facilius
848 1022 962 1087 fluctus
983 1025 1164 1102 tolerarent,

141 1136 297 1222 quaedam
316 1139 430 1219 planae
450 1137 584 1217 carinie,
614 1148 651 1199 ut
672 1137 747 1199 eine·
760 1157 847 1201 noxa
870 1135 1025 1216 siderent,
1056 1138 1163 1219 plures

141 1252 293 1333 appueitia
315 1252 474 1336 'uninque
507 1250 729 1333 gubernaculis
735 1295 747 1331 ‚
785 1272 936 1316 conuerso
969 1266 1005 1314 ut
1034 1263 1163 1334 repente

140 1366 276 1446 remigia
290 1366 365 1428 hinc
378 1367 430 1431 uel
447 1365 534 1430 illinc
552 1367 764 1448 appellerent,·
777 1366 901 1428 xmultae
918 1364 1069 1448 pontibus
1085 1378 1164 1427 stra-

140 1493 200 1562 tae,
219 1481 321 1564 auper‘
337 1484 417 1565 quae
432 1493 590 1545 tormenta
608 1482 809 1558 veherentur,
831 1481 925 1544 aimul
945 1491 1036 1561 aptae
1057 1479 1163 1540 feren·

140 1595 188 1660 die
210 1597 301 1678 equit
320 1607 375 1658 aut
393 1596 598 1659 commeatui:
630 1595 707 1660 velia
726 1593 866 1670 habiles,
895 1593 973 1656 citae
993 1591 1087 1655 remia
1107 1611 1164 1654 an-

137 1708 293 1787 gebantur
313 1708 470 1771 alacritate
490 1707 624 1771 militum
644 1709 679 1769 in
697 1708 834 1789 speciem
852 1727 889 1767 ac
905 1717 1067 1768 terrorem.
1109 1706 1162 1766 In·

137 1821 208 1882 aula
228 1821 440 1899 Batauorum,
461 1820 496 1884 in
519 1839 614 1904 quam
635 1818 1028 1901 conuenirentpraedic'ta,
1052 1820 1093 1882 ab
1114 1819 1161 1879 la·

138 1930 213 1996 cilee
242 1933 393 2016 appuleue
422 1931 671 2017 accipiendisque
700 1931 799 2014 copiis
827 1944 860 1995 et
888 1930 1161 1995 transmittendum

137 2044 324 2114 adbellare
351 2059 542 2130 opportuna.
581 2046 665 2111 Nam
692 2045 825 2111 Rnenua
852 2069 918 2112 une
945 2051 1036 2114 alueo
1062 2048 1162 2113 conti·

137 2181 222 2227 nuua
239 2173 294 2230 aut
311 2160 449 2228 medicae
466 2163 586 2226 inanlae
601 2163 849 2227 circumveniens
868 2163 953 2246 apud
968 2163 1161 2246 principium

136 2276 203 2357 agri
232 2277 339 2340 batavi
364 2277 453 2340 uelut
478 2277 514 2339 in
546 2275 627 2340 duee
657 2298 765 2342 amaea
795 2276 963 2359 dividitur,
993 2292 1160 2363 servatque

136 2412 254 2459 nemen
273 2405 306 2456 et
328 2392 511 2459 uiolentiam
530 2414 659 2472 curcua,
687 2414 753 2478 qua
774 2393 975 2457 Germaniam
995 2395 1160 2475 praevehi·

136 2519 208 2587 taur,
236 2507 338 2573 donec
362 2530 480 2574 oceano
501 2512 684 2590 misceatur,
713 2509 755 2573 ad
778 2511 919 2590 gallicam
943 2512 1046 2593 ripam
1067 2511 1161 2573 latior

135 2632 167 2685 et
187 2619 341 2704 placidior
363 2622 512 2688 affluens..
549 2646 642 2690 uerae
662 2637 872 2705 cognomento
893 2626 1047 2688 Vahalem
1069 2646 1158 2689 acco·

133 2737 183 2801 lae
205 2735 330 2803 dicunt:
350 2759 427 2821 qu
446 2738 481 2802 id
502 2760 632 2824 qnoque
654 2742 845 2805 uocabulum
864 2752 964 2804 mutat
984 2743 1077 2804 Musa
1097 2741 1158 2803 llu-

92 2920 99 2929 ,
132 2853 234 2931 mine,
262 2857 391 2938 ejusque
410 2854 565 2919 immeaue
590 2875 645 2920 ore
667 2852 803 2919 cundem
822 2857 858 2919 in
880 2876 1033 2920 oceanum
1054 2856 1156 2920 effun-

132 2967 228 3034 ditur.
580 3046 582 3051 ¹

217 3079 281 3147 Sed
302 3102 427 3163 caesar,
453 3081 722 3168 dum'adiguntur
744 3106 857 3165 naues,
885 3074 997 3148 Silium
1022 3087 1223 3167 legatumne

134 3219 207 3261 cum
228 3196 374 3280 expedita
394 3220 489 3264 mauu
506 3201 715 3285 irruptiomm
735 3202 770 3265 in
789 3201 918 3265 Chattos
939 3202 1043 3265 lacere
1060 3202 1156 3280 jubet.

126 3313 201 3393 ipae
221 3311 329 3376 andito
351 3317 512 3378 cantellum
539 3316 683 3401 Luppiae
710 3317 836 3380 flumini
864 3317 1044 3401 appetitum
1073 3316 1157 3379 obei-

131 3426 202 3489 deri
222 3448 279 3491 aex
300 3430 437 3510 legionen
458 3430 496 3494 e'a
518 3428 621 3494 duxit.
663 3431 777 3516 Neque
796 3431 874 3496 Silio
894 3436 936 3496 cb
957 3431 1078 3494 subitae
1097 3430 1158 3491 im·

131 3545 206 3606 h‘ree
227 3543 313 3607 aliud
343 3558 446 3608 actum
472 3568 568 3630 quam
594 3559 632 3610 ut
656 3547 814 3613 modicam
841 3547 992 3631 praedam
1020 3558 1053 3611 et
1078 3545 1159 3629 Arpi

130 3656 284 3739 principie
306 3656 492 3722 Chattorum
514 3664 679 3739 conjugem¹
698 3658 860 3744 filiamque
882 3672 1024 3744 raperet:
1054 3680 1157 3743 neque

130 3772 250 3837 eaeeari
271 3773 394 3856 capiam
414 3794 539 3855 pugnae
562 3749 740 3838 obeeeaorce
759 3776 880 3852 fecere,
902 3773 943 3837 ad
963 3774 1080 3837 famam
1101 3770 1157 3834 ad·

130 3900 243 3951 uentus
272 3891 339 3966 ejue
369 3887 492 3971 dilapsi.
545 3890 718 3952 Tumulum
751 3905 858 3954 umen
886 3912 991 3974 nuper
1019 3889 1157 3956 uarianie

129 4004 306 4083 legionibua
335 4010 487 4071 etru'ctum
515 4019 549 4069 ct
574 4019 711 4071 ueterem
739 4026 826 4071 aram
849 4008 958 4071 Druso
981 4004 1072 4070 eitam
1094 4003 1157 4068 dia·

129 4122 278 4196 jecerant.
320 4121 456 4185 reatituit
478 4122 782 4210 ammirandi-ique
804 4124 902 4207 patrie
923 4122 1069 4208 princepe
1089 4121 1156 4204 ipse
