2950 4775
203 2033 289 2097 sero

196 4079 281 4142 lgm

311 364 357 438 dd
651 360 714 434 EX
734 360 997 434 summatis,

313 532 456 600 conmdit
474 529 559 615 apud
580 547 718 613 agross
741 528 932 602 Oorhsuone,
945 529 1128 613 descriptos.
1179 528 1262 594 idem
1284 551 1335 594 se-

311 660 421 727 natus,
450 647 665 732 magistratus,
691 646 779 727 leges
804 647 964 729 imposuit.
1006 668 1042 709 ac
1068 667 1109 708 ne
1128 650 1214 725 jussa
1235 665 1334 710 exue·

308 776 381 826 rent
406 761 598 845 praesidium
623 762 803 828 immunivit
826 762 928 826 missis
955 760 1013 846 qui
1032 767 1167 841 majores
1189 759 1334 826 Cauchas

311 877 352 941 ad
380 874 572 944 deditionem
600 877 804 960 pellicerent,
833 877 927 940 simul
954 874 1153 942 Gannascum
1179 873 1253 940 dolo
1279 895 1333 954 eg·

308 990 522 1073 graderentur.
569 992 638 1058 Neo
666 991 775 1058 irritae
804 1004 858 1057 aut
885 990 1054 1072 degeneres
1081 989 1213 1053 insidiae
1240 990 1331 1054 fuere
1391 1067 1399 1080 ι

309 1105 463 1173 adversus.
477 1109 671 1189 transfugam
687 1119 719 1172 et
733 1107 920 1172 violatorem
939 1104 1022 1172 fidei.
1064 1103 1126 1172 Sed
1148 1102 1241 1168 caede
1263 1110 1333 1185 ejus

308 1236 411 1288 motas
436 1222 634 1287 Cauchorum
661 1236 799 1300 mentes,
827 1235 859 1286 et
875 1221 1021 1292 'Corbulo
1042 1221 1162 1286 semina
1182 1219 1332 1283 rebellio·

307 1340 357 1403 nis
377 1342 564 1422 praebebat,
585 1352 621 1403 ut
638 1340 722 1403 laeta
743 1338 827 1422 apud
848 1342 1034 1422 plerosque,
1060 1337 1105 1400 ita
1126 1334 1211 1419 apud
1232 1356 1330 1419 quos·

307 1452 379 1515 dam
407 1454 441 1514 iu
470 1453 596 1516 sinistra
622 1453 717 1515 fama.
759 1474 818 1516 cur
844 1456 968 1516 hostem
994 1447 1155 1517 comitet?
1197 1449 1331 1515 aduersa

305 1568 429 1630 iurem
449 1568 609 1649 publicam
631 1586 759 1630 casura:
782 1565 832 1628 sin
851 1580 1003 1648 prospere
1017 1566 1152 1646 egisset,
1175 1562 1329 1630 formido·

304 1685 406 1748 losum
433 1683 504 1765 paci
531 1682 633 1747 virum
664 1681 819 1764 insignem
840 1692 872 1745 et
890 1680 1004 1762 ignem
1024 1679 1161 1763 principi
1180 1699 1329 1761 praegra-

303 1818 387 1864 vem.
412 1799 529 1879 ,Igitur
556 1796 707 1862 Claudius
736 1794 815 1862 adeo
844 1811 961 1862 novam
990 1797 1026 1860 in
1054 1797 1239 1864 Germanias
1262 1795 1329 1863 uim

304 1911 482 1996 prohibuit,
506 1911 853 1995 ut'referriprnesidia
870 1912 918 1978 cis
939 1912 1087 1975 Rhenum
1106 1914 1240 1990 juberet.

388 2028 457 2092 dam
481 2040 581 2092 castra
603 2028 638 2091 in
667 2027 777 2092 hostili
804 2030 876 2098 solo¹
900 2026 1042 2091 molienti
1067 2025 1244 2092 Corbuloni
1269 2045 1329 2088 eae

302 2141 412 2206 literae
428 2139 615 2208 redduntur.
655 2141 712 2204 ille
731 2162 768 2203 re
788 2141 903 2220 subita,
921 2162 1103 2225 quanquam
1118 2143 1219 2202 multa
1232 2138 1328 2201 simul

303 2254 554 2333 offsmderentur,
574 2267 676 2320 metus
698 2277 740 2318 ex
758 2256 958 2339 imperatore,
981 2257 1173 2337 contemptio
1191 2273 1234 2318 ex
1252 2256 1328 2317 bar-

303 2368 404 2455 baris,
442 2365 616 2432 ludibrium
645 2366 730 2453 apud
759 2368 877 2449 socios,
897 2368 995 2437 *nihil
1023 2366 1108 2435 aliud
1133 2370 1326 2452 prolocutus

303 2503 403 2566 quam
418 2484 527 2547 beatos
549 2479 825 2566 quondamducss
848 2502 1015 2560 romanos,
1039 2483 1163 2563 signsms
1183 2480 1328 2564 receptui

301 2596 398 2662 dedit.
437 2598 482 2662 Ut
500 2611 606 2663 tamen
623 2597 831 2662 milsrorium
842 2612 981 2662 ,exuerat
994 2598 1078 2663 iuter
1096 2600 1222 2663 Mosam
1237 2598 1326 2661 Rhe·

300 2735 440 2798 numque
458 2714 554 2783 trium
575 2704 610 2777 et·v
625 2713 734 2794 viginti
754 2713 888 2781 mutium
905 2713 1142 2796 spatiolossam
1163 2713 1325 2798 perduxit,

298 2852 364 2914 qua
383 2832 501 2897 incerta
524 2829 633 2896 oceani
654 2841 845 2899 veementer.
885 2830 1022 2910 Insignis
1043 2844 1148 2895 tamen
1169 2831 1326 2914 triumphi

297 2943 438 3013 indulsit*
451 2960 576 3023 caesar,
604 2944 748 3027 quamuis
768 2947 887 3011 bellum
909 2946 1092 3025 negavisset.
1132 2946 1201 3011 Nec
1214 2948 1323 3013 ‘multo

298 3072 371 3142 post
393 3058 522 3125 Curtius
550 3059 655 3125 Rufus
686 3059 831 3130 eundem.
849 3059 1005 3130 honorem
1034 3059 1233 3143 adipiseitur,
1264 3057 1323 3143 qui

296 3174 331 3235 in
350 3194 426 3254 agro
447 3173 593 3241 mattiaco
614 3174 787 3239 recluserat
815 3191 926 3256 specus
945 3174 1142 3259 quaerendis
1159 3174 1249 3239 uenis
1269 3194 1323 3236 ar·

296 3290 400 3370 genti,
427 3288 515 3355 unde
543 3290 647 3355 tenuis
676 3291 797 3355 fructus
821 3289 939 3354 necin
960 3291 1090 3377 longum
1109 3291 1180 3354 filit.
1222 3299 1252 3351 al
1273 3289 1321 3352 le-

296 3401 442 3484 gionibus
462 3420 536 3466 cum
557 3400 671 3469 damno
693 3403 786 3465 labor
806 3415 838 3465 et
856 3400 972 3471 ,fodere
990 3402 1095 3481 riuos,
1118 3424 1263 3486 quaeque
1283 3403 1320 3465 in

297 3527 405 3603 aperto
429 3515 536 3596 grauia
562 3513 808 3578 humum'infra
834 3516 949 3581 moliri
992 3517 1063 3598 quis
1085 3518 1238 3583 ,subaros
1256 3517 1319 3579 mi·

295 3628 342 3689 les
348 3672 358 3705 ,
387 3640 418 3690 et
446 3628 520 3711 quia
540 3629 648 3711 plures
675 3646 734 3708 per
754 3627 936 3708 provincias
961 3629 1074 3693 similia
1093 3632 1319 3708 tolerabantur,

297 3744 459 3825 componit
479 3745 614 3806 occultas
634 3743 741 3807 literas
762 3743 890 3807 nomine
911 3744 1106 3809 exercituum
1120 3744 1318 3828 precantium

294 3857 535 3940 imperatorem,
573 3869 611 3921 ut
646 3859 764 3942 quihus
798 3861 1009 3944 permissurus
1046 3872 1125 3923 esset
1162 3856 1318 3921 exereitus

296 3972 499 4056 triumphalis
521 3985 592 4036 ante
614 3972 779 4037 tribueret.
880 3991 883 3995 ’

382 4083 425 4168 (a.
446 4080 501 4169 50)
531 4082 593 4151 Sed
614 4085 804 4169 Agrippina,
834 4107 898 4170 quo
926 4086 990 4150 rim
1006 4105 1102 4149 vsuum
1122 4083 1214 4149 sucin
1236 4103 1319 4166 quo-

1462 3960 1464 4087 l
