2950 4775
477 360 540 429 EX
562 361 801 431 HISTORIIS
1103 364 1148 433 73

126 535 276 599 Vitellius
298 546 330 599 et
346 535 506 599 iormnam
525 535 719 619 principatus
737 535 832 602 inerti
849 538 931 601 luxu
951 558 987 604 ac
1007 536 1148 622 prodigis

125 651 229 734 epulis
258 654 494 732 praesumebat,
526 651 630 716 medic
663 651 726 715 diei
755 656 945 717 temulentus
977 665 1009 716 et
1040 654 1148 734 sagina

125 764 247 846 gravis,
276 784 373 849 quum
398 776 504 828 tamen
532 763 629 831 ardor
651 778 684 828 et
704 765 753 831 vis
780 767 915 828 militum
947 769 1030 830 ultro
1060 766 1149 830 ducis

126 879 237 941 munia
257 877 438 960 implebat,
452 893 487 942 ut
507 879 534 940 si
556 875 678 940 adesset
699 878 871 960 imperator
892 891 923 940 et
943 879 1077 941 strenuis
1097 882 1150 944 vel

125 992 247 1073 ignavie
277 988 365 1074 spem
393 1005 575 1075 metumque
604 988 745 1055 adderet.
795 991 944 1055 Instructi
973 992 1148 1075 intentique

128 1105 250 1185 signum
277 1106 480 1188 profectionis
511 1117 697 1187 exposcunt.
738 1106 868 1168 nomine
892 1105 1071 1169 Germanici
1091 1108 1149 1169 Vi·

127 1222 214 1282 telliu
242 1220 343 1282 statim
370 1216 494 1296 addito,
524 1240 681 1283 caesarem
703 1238 737 1280 se
762 1219 914 1301 appellari
935 1220 1027 1281 etiam
1049 1221 1150 1283 victor

128 1333 303 1415 prohibuit.
349 1332 483 1395 Laetum
515 1332 681 1413 augurium
708 1332 809 1396 Fabio
833 1333 960 1395 Valenti
982 1334 1151 1397 exercitui·

130 1467 192 1529 que
214 1467 307 1529 quem
327 1444 362 1507 in
382 1449 500 1510 bellmn
522 1451 632 1527 egebat
652 1448 723 1530 ipso
746 1449 949 1530 profectionis
974 1448 1023 1512 dte
1046 1452 1151 1535 aquila

128 1560 195 1621 leni
215 1573 328 1637 meatu,
348 1574 446 1642 prout
459 1582 569 1641 agmen
589 1560 760 1640 incederet,
783 1563 869 1624 velut
887 1560 954 1623 dux
969 1563 1038 1626 viae
1058 1585 1150 1644 prae-

129 1675 261 1753 volavit,
291 1677 485 1759 lougumque
504 1696 563 1757 per
584 1674 720 1755 spatium
742 1675 769 1735 is
793 1671 994 1753 gaudentium
1015 1677 1152 1738 militum

129 1791 266 1862 clamor,
294 1810 331 1852 ea
353 1790 442 1874 quies
462 1789 624 1852 interritae
647 1790 729 1851 alitis
749 1788 828 1867 fuit,
856 1800 893 1850 ut
912 1787 999 1851 baud
1020 1788 1152 1853 dubium

128 1925 260 1985 magnae
281 1916 313 1966 et
330 1925 500 1986 prosperae
519 1904 568 1966 rei
588 1925 682 1967 omen
702 1903 907 1984 acciperetur.

217 2019 258 2081 Et
274 2019 429 2081 Treveros
445 2018 572 2103 quidem
594 2032 630 2082 ut
649 2018 751 2082 socius
771 2019 875 2081 securi
894 2015 1009 2082 adiere.
1050 2015 1151 2079 Divo·
1167 2035 1238 2098 bes

130 2130 206 2194 duri
224 2131 545 2214 (Mediomatricorum
562 2131 596 2197 id
614 2129 769 2214 oppidum
787 2126 845 2215 est)
865 2150 1047 2214 quanquam
1066 2129 1153 2193 omni

129 2247 274 2311 comitate
295 2261 441 2330 exceptos
464 2248 586 2332 subitus
607 2267 710 2330 pavor
730 2247 844 2308 terruit
864 2244 961 2325 raptis
982 2242 1152 2323 derepente

128 2362 235 2450 armis
254 2360 293 2426 ad
323 2364 449 2428 caedem
477 2364 628 2429 innoxiae
659 2360 808 2440 civitatis,
838 2381 903 2423 nou
933 2361 975 2422 ub
1001 2357 1153 2442 praedam

128 2488 184 2539 aut
204 2476 361 2559 spoliandi
384 2478 581 2562 cupidinem,
612 2477 668 2543 sed
696 2480 806 2540 furore
836 2490 866 2539 et
890 2477 978 2538 rabie
1000 2487 1031 2537 et
1054 2474 1153 2536 carreis

128 2590 256 2653 incertis
287 2611 389 2675 euque
421 2592 652 2658 difficilioribus
681 2591 846 2668 remediis,
879 2589 979 2653 donec
1006 2565 1153 2673 precibus

129 2700 218 2767 ducis
243 2706 374 2785 mitigati
403 2710 442 2769 ab
473 2705 597 2772 excidio
631 2705 762 2770 civitatis
794 2717 1018 2784 temperavere.
1065 2721 1154 2763 caesa

126 2831 234 2883 tamen
256 2817 297 2883 ad
318 2835 469 2906 quattuor
491 2823 590 2885 millia
612 2822 789 2884 bominum.
834 2823 928 2902 Isque
950 2831 1054 2883 terror
1075 2818 1153 2881 Gal-

127 2934 187 2997 lias
207 2935 339 3017 invasit,
368 2949 404 3000 ut
422 2939 563 3002 venienti
586 2947 669 3016 lutox
690 2937 807 3018 agmini
829 2938 994 3001 universae
1015 2936 1154 3001 civitates

129 3068 202 3108 cum
230 3049 461 3129 magistratibus
491 3062 522 3112 et
543 3050 691 3131 precibus
718 3061 936 3127 occurrerent,
966 3050 1077 3111 stratis
1095 3068 1155 3129 per

128 3159 197 3224 vias
217 3161 342 3224 feminis
363 3162 542 3244 puerisque,
565 3183 711 3245 quaeque
733 3163 796 3223 alia
815 3161 1011 3242 placamenta
1031 3160 1153 3222 hostilis

129 3273 196 3338 irae
219 3294 286 3336 non
307 3274 434 3358 quidem
453 3276 487 3337 in
514 3278 596 3339 bellu
620 3275 674 3339 sed
698 3298 759 3358 pru
784 3297 861 3357 pace
886 3274 1104 3338 tendebantur.

215 3385 371 3452 Nuntium
398 3389 437 3452 de
463 3389 557 3453 caede
580 3390 700 3454 Galbae
723 3403 756 3453 et
778 3390 913 3471 imperio
938 3386 1072 3454 Othonis
1093 3386 1238 3469 Far-rna

128 3497 201 3562 bius
222 3501 338 3565 Valens
359 3502 392 3565 iu
416 3503 538 3568 civitate
558 3505 740 3569 Leucorum
762 3505 893 3587 accepit.
939 3525 998 3565 nec
1018 3504 1154 3565 militum

128 3614 253 3677 animus
275 3617 311 3678 iu
333 3618 482 3698 gaudium
514 3632 568 3683 aut
591 3618 794 3682 formidinem
822 3630 1003 3700 pennotus:
1037 3617 1166 3692 bellum,

127 3728 287 3795 volvebat.
336 3732 434 3796 Gallis
456 3737 612 3799 cunctatio
636 3747 797 3815 exempta,
827 3745 856 3795 et
882 3732 917 3793 in
939 3728 1098 3796 Othonem
1119 3750 1155 3789 ac

127 3842 294 3906 Vitellium
322 3843 431 3908 odium
458 3868 534 3928 par,
563 3867 604 3909 ex
631 3846 761 3908 Vitellio
792 3857 824 3907 et
847 3857 959 3906 metus.
1006 3839 1156 3904 Proxima
1261 3843 1264 3848 ’

127 3953 310 4035 Lingonum
341 3958 449 4022 civitas
478 3971 546 4022 erat
573 3956 637 4020 fida
663 3958 820 4038 partibus.
868 3957 1002 4034 benigne
1033 3950 1156 4031 excepti

127 4065 283 4133 modestia
313 4084 480 4136 certavere.
529 4068 592 4134 Sed
616 4071 723 4133 brevis
751 4068 868 4133 laetitia
894 4069 952 4131 fuit
979 4065 1155 4130 cohortium
