2950 4775
483 281 546 351 nx
567 278 803 350 HISTORIIS
1016 280 1020 292 ’
1108 283 1155 351 Π

173 550 175 553 v
221 465 372 529 Proxima
386 456 656 542 legionis‘prima'e
672 456 806 524 hiberna
825 456 924 524 erant'
936 451 967 523 e't
985 456 1152 544 promptis·
1169 473 1237 537 1‚5s

133 577 234 643 simus
254 600 272 642 e
292 578 400 658 legatis
419 576 538 640 Fabius
558 577 685 642 Valens.
728 576 826 643 iadis
845 576 1046 661 proximo-in
1068 577 1153 640 colo-

134 694 222 758 niam
248 692 499 776 agrippinensem
528 712 597 755 cum
629 685 786 775 equitibus
816 684 947 772 legionis
972 685 1154 754 auxiliario·

134 816 273 893 rumque
309 803 433 888 grestem
473 800 694 888 imperatorem
732 796 895 869 Vitellium
942 806 1154 870 consalutavit.

136 936 260 987 secanae
289 921 407 1003 ingenti
436 914 603 983 certamine
631 917 769 998 ejusdem
797 912 990 1001 provinciae
1005 912 1152 1000 legiones,

137 1049 169 1100 et
197 1035 342 1118 superior
370 1030 543 1111 exereitus,
571 1034 718 1115 speciosis
746 1024 873 1096 senatm
904 1035 1076 1116 populique
1100 1052 1153 1096 ro-

135 1150 223 1212 mani
241 1148 422 1211 nominibus
442 1147 576 1226 relictis,
601 1150 729 1212 tertium
748 1167 852 1210 nonas
871 1150 1030 1226 januarias
1041 1149 1152 1211 -vitel-

135 1265 182 1328 lio
203 1260 339 1327 accessit.
381 1262 475 1326 scires
501 1263 592 1325 illum
620 1262 733 1343 priore*
752 1258 851 1324 biduo
876 1281 941 1323 non
964 1281 1061 1343 penes
1086 1283 1153 1324 rem

135 1374 297 1463 publicam
325 1379 432 1442 fuisse.
488 1376 643 1441 Ardorem
679 1377 873 1441 exercituum
903 1372 1171 1461 Agrippinenses,‘

135 1492 281 1571 Treveri,
302 1491 461 1572 Lingones
482 1491 674 1572 aequabant,
695 1490 828 1569 auxilia,
849 1488 958 1572 equos,
980 1510 1077 1569 arma,
1095 1486 1153 1571 pe·

138 1612 246 1674 eunias
264 1611 451 1686 offerentes,
469 1612 514 1670 ut
537 1607 671 1691 quisque
693 1602 844 1688 corpore,
870 1600 1000 1688 opibus,
1026 1605 1152 1686 ingenio

135 1718 269 1788 validus.
308 1742 366 1783 nec
382 1716 544 1803 'principes
561 1717 657 1782 modo
678 1718 875 1783 coloniarum
892 1716 952 1783 'aut
970 1733 1152 1800 castrorum,

137 1842 254 1924 quibus
276 1832 455 1922 praesentia
472 1857 514 1899 ex
536 1835 679 1898 affluenti
707 1832 745 1898 et'
760 1849 852 1919 parta
871 1835 1002 1902 uetans
1014 1856 1152 1917 magnae

136 1973 226 2036 spes,
247 1952 302 2016 sed
320 1951 473 2034 manipuli
488 1971 617 2034 quoque
634 1962 664 2013 et
678 1951 838 2030 gregarius
857 1944 945 2016 miles
963 1954 1075 2019 viatica
1096 1972 1154 2016 sua

137 2080 169 2129 et
187 2069 304 2132 balteos
323 2055 695 2148 phalerasqua,'insignia
713 2056 875 2131 murorum
895 2060 1021 2146 argento
1041 2065 1154 2130 decora

135 2184 207 2247 loco
223 2181 374 2265 pecuniae
389 2174 556 2242 'tradebant
573 2175 722 2242 instinctu
739 2175 778 2242 et'
787 2176 906 2263 impetu
924 2193 954 2244 et
972 2180 1111 2245 avaritia.

219 2287 319 2375 Igitur
341 2291 468 2355 laudata
495 2287 631 2353 militum
660 2286 818 2355 alacritate
839 2287 986 2358 Vitellius¹
1006 2290 1153 2358 'mimate-
1168 2308 1195 2374 1,
1204 2308 1241 2359 tte

134 2411 184 2473 ria
201 2403 408 2494 principatus·
424 2429 483 2491 per
509 2406 638 2472 libertos
667 2411 717 2491 agi
742 2411 833 2474 solita
853 2411 890 2473 in·
909 2407 1028 2494 equites
1048 2403 1154 2474 roma·

132 2543 194 2587 nos
216 2521 370 2606 diapenta
389 2523 568 2587 vacationes
590 2517 825 2587 centurionibus
846 2546 886 2587 ex
905 2524 979 2589 fiseo
1001 2519 1154 2602 numerat,

133 2637 295 2715 saevitiam
324 2635 459 2699 militum
488 2636 656 2724 plerosqpe
686 2636 726 2700 ad
756 2659 891 2720 poenam
919 2640 1155 2721 exposcentium

132 2725 258 2834 saepius
286 2747 457 2833 approbat,
492 2747 608 2834 partim
637 2755 835 2817 simulatione
861 2745 1073 2819 vinculorum
1087 2754 1154 2815 fru-

132 2881 262 2933 stratur.
303 2870 473 2951 Pompejus
494 2869 697 2953 Propinquus
720 2881 908 2951 procurator
930 2872 1072 2951 Belgicae
1092 2882 1154 2933 sta·

131 2982 190 3044 tim
219 2983 411 3045 interiectus.
465 2969 595 3044 Julium'
612 2981 797 3046 Burdonem
825 2969 1020 3064 germanicae
1049 2981 1153 3045 classis

131 3096 327 3177 praelectum
349 3107 415 3157 astu
438 3085 603 3159 subtraxit.
647 3110 807 3159 exarserat
830 3099 864 3160 in
892 3118 963 3159 eum
991 3094 1155 3159 Iracundia

133 3212 308 3287 exercitus,
347 3222 497 3292 tanquam
531 3213 650 3276 crimen
682 3234 718 3273 ac
749 3232 826 3275 mox
859 3210 988 3275 insidias
1020 3194 1152 3287 Fonteio

132 3321 281 3403 Capitoni
302 3324 476 3385 struxisset.
516 3336 604 3403 grata
629 3338 701 3404 erat
727 3326 881 3388 memoria
911 3311 1107 3407 Capitonis„
1124 3334 1154 3384 et

131 3436 218 3518 apud
241 3437 414 3499 saevientes
435 3435 577 3499 occidere
601 3426 721 3517 palam,
742 3440 902 3519 ignoscere
926 3425 991 3499 non
1012 3436 1073 3498 nisi
1094 3437 1154 3497 ial-

130 3544 228 3608 lendo
248 3538 372 3608 licebat.
413 3544 458 3608 ita
481 3545 517 3606 in
532 3537 681 3607 'custodia
702 3548 828 3610 habitus
850 3559 881 3608 et
901 3557 973 3628 post
990 3533 1165 3609 victoriam

131 3651 260 3720 demum
285 3658 389 3719 stratis
409 3662 473 3735 jam
486 3653 636 3718 'militum'
652 3656 730 3721 odiis
755 3658 900 3722 discissus
925 3672 980 3721 est.
1022 3648 1151 3720 Interim

129 3784 168 3834 ut
185 3771 347 3853 piaculum
371 3771 517 3851 objicitur
532 3767 680 3834 ¹centurio
704 3762 877 3856 crispinus.
918 3765 1068 3854 sanguine
1091 3770 1151 3832 Ca·

129 3887 250 3967 pitonis
273 3908 305 3949 ae
329 3882 547 3950 crttentaverat
577 3907 678 3970 eoque
707 3903 738 3952 et
767 3890 997 3974 postulantibus
1019 3888 1150 3953 manife-

131 4004 212 4065 stior
231 4016 267 4068 et*
282 3999 436 4086 vpunienti
452 4003 546 4067 vilior
566 4005 635 4065 suit.
