2950 4775
467 403 528 472 nx
551 402 787 474 maranus
906 498 908 503 Ι
1075 407 1138 476 107

116 580 205 665 pacis
224 580 382 661 redirent,
406 576 508 647 securi
529 585 617 648 velut
639 586 781 649 confecto
803 584 903 663 bello,
925 583 1011 669 quod
1031 603 1136 647 roma-

116 719 186 760 nae.
208 717 320 759 manus
352 697 556 778 excepissent.
604 697 704 759 Auxit
727 719 764 760 ea
784 717 835 760 res
859 697 1022 760 Gallorum
1046 699 1136 759 obse·

118 810 246 893 quiumz
276 830 350 871 nam
379 824 504 892 recepta
531 816 692 889 juventute
726 810 851 874 facilius
878 812 996 875 tributa
1021 813 1136 875 tolera-

116 932 208 1005 vere,
229 926 396 1007 proniores
420 922 460 988 ad
484 927 603 1004 officia,
627 925 714 1010 qrtod
735 928 973 1009 spernebantur.
1021 928 1064 988 Ar
1084 924 1137 987 ci-

115 1041 188 1105 vilis
211 1053 242 1103 et
263 1038 416 1103 Classicus
437 1043 494 1105 ubi
514 1044 641 1124 pulsum
661 1043 823 1120 Tutorem,
846 1063 950 1106 caesos
972 1043 1137 1118 Treveros,

116 1134 390 1220 cunctationibus
409 1177 561 1237 prospera
581 1177 750 1237 accepere,
773 1153 889 1238 trepidi
910 1178 945 1217 ac
964 1174 1137 1237 properan-

118 1283 182 1347 tes,
213 1267 288 1330 dum
317 1267 471 1348 dispersas
498 1289 628 1331 suorttm
658 1270 763 1351 copias
793 1267 990 1348 conducunt,
1021 1269 1137 1332 crebris

118 1385 247 1446 interim
277 1385 396 1445 nuntiis
424 1385 628 1445 Valentinum
657 1405 825 1464 monuere,
856 1406 897 1446 ne
925 1406 1063 1448 summae
1091 1386 1139 1449 rei

116 1499 291 1580 periculum
313 1491 440 1560 iaceret.
484 1500 531 1561 Eo
559 1498 700 1580 rapidius
729 1499 859 1563 Cerialis
887 1499 987 1563 missis
1009 1502 1043 1562 iu
1067 1501 1139 1562 Me·

118 1611 319 1675 diomatricos
338 1612 394 1695 qui
415 1614 560 1677 breviore
582 1615 694 1678 itinere
715 1619 854 1696 legiones
876 1616 909 1676 in
927 1618 1048 1677 hostem
1066 1638 1139 1680 ver·

117 1740 239 1805 terent,
268 1741 427 1793 contracto
449 1728 535 1812 quod
558 1744 624 1793 erat
644 1727 779 1794 militum
799 1730 1006 1811 Mogontiaci,
1039 1751 1140 1812 quan-

116 1855 249 1927 tumque
282 1864 387 1906 secum
417 1855 653 1922 transvexerat,
683 1847 782 1910 tertiis
813 1847 921 1908 castris
951 1842 1140 1925 Rigodulum

116 1961 225 2040 venit,
257 1980 351 2043 quem
380 1960 486 2022 locum
508 1983 621 2041 magua
642 1962 856 2024 Treverorum
881 1981 976 2022 manu
997 1960 1141 2022 Valenti-

117 2095 181 2138 nus
202 2072 359 2138 insederat
386 2077 546 2138 montibus
573 2087 628 2138 aut
648 2075 784 2137 Mosella
813 2095 904 2138 amne
933 2087 1066 2156 septum.
1109 2087 1141 2135 et

119 2186 283 2252 addiderat
308 2189 412 2251 ‘fossas
446 2189 614 2271 obicesque
645 2209 806 2251 saxorum.
861 2187 928 2249 Nec
960 2186 1139 2249 deterruere

120 2324 158 2364 ea
196 2303 389 2364 munimenta
423 2321 591 2363 romanum
623 2298 735 2362 ducem
770 2320 835 2383 quo
868 2303 972 2363 miuus
1004 2299 1140 2382 peditem

118 2438 325 2498 perrumpere
345 2419 483 2495 juberet,
516 2416 656 2500 equitum
686 2419 785 2479 aciem
811 2417 845 2479 in
871 2420 980 2481 collem
1011 2419 1143 2497 erigeret

119 2546 226 2613 spreto
248 2533 355 2609 hoste,
385 2552 479 2614 quem
503 2546 620 2594 temere
642 2535 807 2595 collectum
831 2533 915 2595 haud
939 2536 981 2596 ita
1002 2536 1072 2596 loco
1093 2539 1142 2611 ju-

119 2647 192 2709 vari
212 2660 247 2708 ut
269 2666 334 2707 non
361 2650 431 2729 plus
458 2649 521 2709 suis
549 2648 582 2708 in
606 2648 720 2712 virtute
746 2648 839 2711 foret.
880 2649 1013 2710 Paulum
1033 2667 1143 2710 morae

119 2761 157 2822 in
177 2781 315 2840 ascensu,
336 2759 412 2822 dum
432 2760 560 2824 missilia
578 2762 716 2826 hostium
737 2762 998 2843 praevehuntur2·
1013 2774 1049 2823 ut
1066 2784 1144 2832 ven·

120 2888 189 2937 tum
216 2874 251 2936 in
280 2893 410 2953 manus,
440 2872 596 2935 deturbati
624 2874 734 2937 ruinae
764 2872 860 2937 modo
887 2875 1144 2956 praecipitantur.

121 3004 152 3055 et
174 3012 248 3073 pars
270 2989 409 3073 equitum
432 2989 633 3072 aequioribus
658 2989 738 3068 jugis
760 2989 964 3054 circumvecta
986 2989 1144 3050 nobilissi-

123 3128 193 3170 mos
213 3108 398 3185 Belgarum,
421 3106 454 3166 iu
477 3105 546 3188 quis
569 3102 680 3165 ducem
701 3103 923 3182 Valentinum,
948 3103 1037 3183 cepit.

212 3220 342 3283 Cerialis
371 3231 498 3303 postero
527 3217 577 3279 die
607 3220 763 3282 coloniam
790 3218 1004 3281 Treverorum
1026 3220 1144 3299 ingres·
1159 3228 1231 3292 4,τῦ

123 3357 186 3398 sus·
199 3347 245 3398 est
269 3332 361 3399 avido
382 3334 479 3394 milite
502 3328 659 3392 eruendae
680 3332 822 3393 civitatis.
863 3331 945 3393 hauc
969 3352 1035 3393 esse
1057 3331 1144 3394 Clas·

123 3450 197 3527 sici,
217 3449 299 3510 hauc
323 3447 451 3509 Tutoris
472 3444 623 3526 patriam,
650 3444 766 3504 horum
788 3447 903 3507 scelere
932 3447 1050 3507 clausas
1076 3466 1145 3507 cae·

125 3585 237 3652 sasque
251 3564 400 3643 legiones.
440 3557 517 3643 quid
533 3571 654 3620 tautum
670 3557 857 3620 Cremonam
874 3560 1033 3636 meruisse,
1051 3580 1146 3642 quam

126 3701 144 3740 e
161 3681 279 3759 gremio
294 3678 400 3740 ltaliae
420 3690 551 3757 raptam,
574 3676 647 3758 quia
668 3677 763 3736 unius
786 3675 885 3736 noctis
907 3696 1028 3737 moram
1048 3675 1146 3737 victo·

125 3793 214 3854 ribus
243 3788 402 3854 attulerit?
435 3804 515 3853 stare
546 3791 580 3850 iu
610 3790 745 3853 confinio
777 3789 963 3851 Germaniae
993 3790 1146 3870 integram

127 3906 232 3969 sedem
260 3907 368 3989 spoliis
397 3905 591 3967 exercituum
620 3916 651 3966 st
675 3903 790 3965 ducum
818 3901 964 3965 caedibus
991 3917 1147 3967 ovantem.

126 4021 320 4104 redigeretur
343 4022 459 4105 praeda
480 4021 513 4082 iu
534 4020 657 4084 fiscum:
678 4018 757 4101 ipsis
776 4020 918 4082 sufficere
938 4018 1023 4098 ignes
1045 4029 1074 4079 et
1095 4038 1146 4078 re-

94 4188 96 4193 .
130 4138 217 4199 bellis
250 4137 390 4199 coloniae
422 4133 548 4212 urinas,
590 4134 705 4219 quibus
740 4146 787 4196 tot
821 4144 992 4196 castrorum
1027 4129 1146 4193 'excidia
