2950 4775
321 389 366 456 38
665 387 728 456 EX
750 379 1003 457 ANNALIBUS

323 566 427 630 minue
445 559 638 628 miserabiles
657 577 754 646 quem
768 581 854 647 'quos
870 563 968 626 hostis
988 551 1205 627 circumsidere·
1223 564 1343 649 quippe

323 682 384 743 illis
409 681 502 744 etiam
525 682 674 743 honestae
694 669 805 744 mortis
826 660 915 757 risus,
938 681 987 741 his
1007 669 1177 760 inglorium
1189 678 1344 740 exitium.

322 797 397 861 Lux
417 782 554 861 reddidit
575 783 715 872 terram,z
739 784 1001 879 penetratumque
1022 795 1061 858 ad
1083 817 1206 859 amnem
1226 797 1345 858 Visur-

322 910 442 994 gim*),
473 934 537 996 quo
568 934 673 976 caesar
701 914 797 975 classe
827 912 1040 977 contenderat.
1081 911 1246 994 impositae
1263 901 1344 973 dein

321 1029 468 1109 legiones,
489 1015 619 1110 vagante
640 1015 724 1091 lama
745 1031 932 1111 submersae,
953 1011 1011 1092 nec
1029 1013 1106 1092 {ides
1124 1030 1233 1092 salutis
1254 1040 1345 1091 ante·

323 1163 420 1225 quam
442 1129 596 1206 caesarem
619 1129 854 1229 exercitumque
872 1131 1022 1209 'reducem
1042 1144 1162 1210 ridere.
1201 1147 1206 1160 '
1247 1143 1259 1163 ⁵

242 1257 331 1336 t,³tt
408 1256 475 1318 Jam
500 1255 668 1319 Stertinius
690 1241 737 1319 ad
756 1258 1023 1364 accipiendum
1012 1257 1047 1319 ιιι
1075 1241 1277 1320 deditionem
1283 1243 1346 1320 se·

322 1359 491 1454 gimerum‚
521 1376 649 1437 fratrent
678 1369 812 1478 Segestis
840 1380 1031 1459 praemissus
1058 1359 1162 1458 ipsum
1189 1374 1346 1437 etlilium

325 1494 391 1567 eius
420 1489 455 1550 in
486 1471 655 1553 civitatem
662 1471 828 1554 Ubiorum
859 1491 1062 1573 perduxerat
1115 1489 1187 1551 data
1217 1489 1345 1570 utrique

324 1603 434 1680 venia,
462 1603 552 1665 facile
575 1597 760 1683 Segimero,
782 1606 977 1668 cunctantius
998 1605 1081 1706 filio,
1096 1604 1179 1688 quia
1201 1602 1346 1681 Quintilii

323 1716 404 1777 Vari
427 1727 547 1798 corpus
561 1709 694 1780 illusisse
718 1714 888 1779 dicebatur.
961 1747 965 1752 ·

238 1837 292 1900 aa
384 1827 451 1912 (a.
473 1823 530 1915 16)
552 1821 699 1891 Getarum
712 1823 847 1891 Tiberio
869 1827 954 1891 haud
967 1817 1131 1909 ingratum
1147 1828 1258 1893 accidit
1276 1817 1346 1891 tur-

267 1967 269 1974 ·
325 1944 393 2006 bari
413 1965 464 2006 res
487 1941 633 2024 Orientis,
654 1958 689 2007 ut
711 1966 749 2008 ea
768 1949 871 2026 specie
893 1944 1112 2008 Germanicum
1133 1944 1228 2007 suetis
1247 1943 1347 2024 legio·

300 2057 418 2123 ‘nibus
443 2061 676 2143 abstraheret,
685 2062 839 2166 novisque
867 2053 1037 2143 provinciis
1061 2062 1244 2144 impositum
1270 2058 1347 2123 dolo

324 2173 418 2235 simul
442 2187 475 2238 et
500 2176 621 2239 casibus
644 2159 823 2257 objectaret.
866 2179 908 2240 At
928 2179 998 2278 ille,
1027 2190 1146 2261 quanto
1168 2177 1290 2239 acriora
1310 2177 1347 2238 in

326 2271 398 2351 eum
422 2288 525 2354 studia
549 2292 696 2354 militum
708 2303 740 2354 et
761 2314 870 2355 aversa
891 2273 997 2376 patrui
1017 2296 1180 2373 voluntas,
1209 2273 1348 2355 celeran-

326 2383 386 2468 ‘ded
407 2406 556 2471 victoriae
577 2409 733 2471 intentior
752 2420 884 2472 tractare
905 2411 1101 2492 proeliorum
1120 2408 1188 2474 vias
1213 2421 1244 2470 et
1265 2426 1347 2490 quae

326 2510 387 2586 sibi
409 2522 574 2587 tertium
564 2546 627 2603 Jam
654 2544 772 2587 annum
795 2525 990 2605 belligeranti
1010 2546 1101 2589 saeva
1115 2526 1175 2587 vel
1195 2540 1349 2606 prospera

327 2637 513 2702 evenissent.
554 2637 646 2702 fundi
668 2639 843 2702 Germanos
871 2641 937 2703 acie
959 2652 990 2702 et
1008 2639 1114 2718 justis
1121 2640 1216 2719 locis,
1244 2637 1350 2715 juvari

326 2753 429 2831 siliis,
461 2751 647 2836 paludibus,
678 2752 768 2821 brevi
796 2768 911 2818 aestate
940 2767 971 2818 et
998 2766 1199 2836 praematura
1225 2752 1348 2814 hieme:

327 2877 419 2930 strum
441 2871 571 2933 militem
591 2869 677 2932 haud
689 2871 830 2952 ¹perinde
851 2864 1155 2954 vulneribus³quam
1173 2864 1280 2952 spectile
1298 2868 1351 2932 iti·

327 3000 447 3061 nemim,
473 2980 588 3044 damno
610 3004 771 3046 armorum
794 2983 1011 3079 afficizlfessas
1028 2984 1144 3047 Gallias
1167 2984 1349 3047 ministran-

285 3120 289 3124 ·
328 3094 375 3157 dis
397 3096 504 3179 equis:
524 3098 653 3177 longum
677 3094 974 3178 impedimentorum
998 3120 1107 3179 agmen
1133 3084 1351 3179 opportunum

328 3207 367 3270 ad
385 3208 525 3288 insidias,
546 3208 780 3273 defensantibus
800 3211 957 3294 iniquum.
999 3223 1031 3273 at
1051 3213 1078 3273 si
1098 3232 1183 3274 mare
1203 3211 1350 3288 intretur,

327 3334 512 3405 promptam
525 3322 600 3404 ipsis
622 3323 850 3405 possessionem
873 3324 904 3384 et
925 3324 1071 3387 hostibus
1087 3327 1234 3405 ignotam,
1255 3323 1351 3385 simul

326 3434 446 3499 beilum
457 3436 620 3498 ‘maturius
637 3436 753 3517 'incipi
771 3437 973 3518 legionesque
999 3450 1029 3502 et
1053 3452 1243 3501 commeatus
1264 3438 1352 3520 pari·

327 3556 378 3608 ter
394 3547 485 3611 vehi:
507 3545 670 3625 =tnregrum
692 3546 829 3628 equitem
851 3560 1013 3630 equosque
1033 3569 1093 3631 per
1112 3569 1171 3612 ora
1190 3560 1222 3610 et
1243 3549 1351 3613 alveos
1451 3550 1452 3599 i

327 3648 494 3723 fluminum
518 3657 621 3722 media
642 3658 677 3720 in
697 3655 868 3723 Germania
889 3659 969 3722 lore.
1451 3636 1452 3643 ἵ

327 3912 358 3925 ”
384 3917 410 3984 ⁴)
429 3906 566 3969 lectionem
591 3916 710 3972 codicum
735 3918 786 3970 non
810 3921 883 3970 muto
904 3919 1022 3985 'quamvis
1045 3918 1143 3975 salsam.
1188 3935 1265 3974 nemo
1282 3912 1351 3975 enim

328 4013 407 4069 facile
424 4014 486 4071 mihi
504 4020 662 4087 persuaserit
680 4019 798 4073 Huusam
816 4020 994 4088 monlnglcam
1010 4020 1138 4075 Romanis
1163 4020 1215 4075 dici
1232 4022 1350 4092 potuisse

273 4144 276 4148 ι
324 4107 478 4187 limingis,
494 4117 564 4185 quod
583 4114 698 4173 editoris
714 4119 874 4174 recentiores
890 4118 946 4171 lere
965 4134 1054 4175 omnes
1070 4127 1233 4192 receperunt.
