2950 4775
462 403 525 473 ux
549 403 803 474 ANNALIBUS
1098 404 1141 470 33

120 581 266 646 simula
279 578 398 644 infensi
417 577 604 644 condebant,
642 581 786 646 Primum
807 579 998 646 exstruendo
1018 581 1141 643 tumulo
1234 617 1235 622 κ

120 695 291 778 caespitem
307 714 421 759 meter
446 696 553 779 posuit
572 693 752 779 gratissimo«
767 718 899 760 munere
921 693 957 759 i'n
978 691 1143 759 defunctos

124 823 159 874 et
177 810 396 893 praesentibus
407 810 536 876 'doloris
556 813 670 876 socius.
711 809 806 889 Quod
818 813 948 876 Tiberio
964 811 1049 876 haud
1067 833 1144 894 pro·

124 926 250 1003 hatum,
279 944 337 987 seu
357 938 470 989 cuncto
483 923 673 990 'Germana
691 922 727 987 in
748 924 883 989 deterius
904 922 1058 1003 trahenti,
1078 924 1145 987 sive

126 1040 298 1104 exercitum
324 1038 459 1119 imagine
487 1060 651 1103 caesorum
676 1039 968 1126 insepultorumque
982 1037 1146 1103 ‘tardatum

124 1154 167 1218 nd
186 1156 370 1238 proclinet
391 1155 675 1220 formidolosiorem
695 1159 834 1221 hostium
856 1157 1019 1223 credebatc
1040 1175 1146 1240 neque

124 1270 350 1355 imperatorem
370 1284 575 1353 auguratust
595 1272 810 1338 vetustissimis
831 1276 1034 1338 caeremoniis
1054 1294 1148 1357 prae·

125 1385 229 1451 ditum
252 1398 414 1451 attrectare
435 1386 546 1451 feralia
566 1384 721 1450 debuisse.

213 1498 277 1563 Sed
300 1500 506 1564 Germanicus
528 1498 689 1563 cedentem
711 1499 746 1561 in
767 1499 838 1565 avia
861 1500 1040 1566 Arminium
1059 1522 1147 1565 secu·
1164 1504 1231 1565 hii

127 1628 190 1696 tus,
210 1613 424 1698 ubi'primum
446 1617 538 1697 copia
559 1616 637 1693 fuit,
660 1607 752 1679 euelli
773 1618 912 1700 equites,
933 1638 1150 1701 campumque,

127 1751 225 1816 quem
254 1729 368 1792 hostis-
386 1727 562 1805 insederat,
594 1728 674 1809 eripi
705 1725 803 1806 iubet.
855 1730 1017 1794 Aminios
1047 1732 1152 1812 colligi

114 1865 204 1910 >suos
225 1854 257 1906 et
277 1842 494 1925 propinquare
514 1839 601 1907 silvis
622 1842 760 1905 monitos
782 1844 876 1908 vertit
896 1856 1045 1928 repente:
1075 1866 1152 1908 mox

128 1960 255 2040 uptam
274 1954 504 2040 prorumpendi
524 1953 610 2017 dedit
629 1954 687 2032 iis,
713 1973 794 2038 quos
814 1977 874 2039 per
897 1959 994 2020 saltus
1015 1958 1154 2020 occulta·

131 2086 233 2141 serat.
251 2073 256 2082 '
272 2084 349 2136 tunc
375 2069 460 2135 noua
480 2069 547 2133 acie
575 2072 719 2134 nubatur
740 2091 857 2155 eques,
881 2071 1056 2157 missaeque
1078 2075 1154 2135 sub·

130 2186 284 2253 sidiariae
297 2188 442 2251 cohortes
470 2197 502 2250 et
529 2186 715 2267 fugientium
737 2177 859 2269 agmine
882 2189 1034 2271 impulsae
1055 2210 1154 2253 auxe-

130 2315 206 2366 rant
229 2300 533 2378 consternationem,
558 2296 831 2385 trudebanturque
853 2303 887 2365 in
907 2302 1055 2384 paludem
1077 2321 1154 2385 gna-

130 2438 201 2481 ram
220 2414 437 2492 uinceufibus,
465 2414 759 2499 inlqtmmnesciis,
790 2418 827 2478 ni
852 2437 958 2480 caesar
985 2417 1153 2500 productas

131 2533 272 2612 legiones
287 2529 502 2593 susannense
542 2525 616 2590 inde
644 2530 790 2592 hostibus
810 2539 932 2610 terror,
961 2529 1076 2594 fiducie
1094 2531 1154 2593 mi·

130 2645 201 2709 liti:
234 2655 266 2706 et
292 2642 438 2706 manibus
466 2641 576 2724 aequis
605 2642 795 2705 abscessum.
843 2644 926 2706 Mox
951 2642 1083 2710 reducto
1114 2645 1155 2708 ad

134 2757 285 2821 Amisiam
311 2757 450 2819 exercitu
472 2755 612 2835 legiones
633 2756 750 2836 classo,
777 2768 814 2819 nt
835 2752 1026 2839 advexerat,
1045 2781 1156 2843 repor-

134 2883 197 2951 tat,
227 2890 305 2954 pars,
331 2869 473 2955 equitum
502 2870 596 2934 litore
627 2871 737 2935 oceani
760 2882 869 2954 petere
893 2873 1040 2937 Rhenum
1060 2880 1156 2954 jussa.

134 2985 272 3048 Caecina
295 2984 352 3068 qui
377 3005 470 3049 suum
490 2988 620 3051 militem
642 2986 777 3051 ducebat
796 2989 952 3068 monitus,
975 3012 1157 3075 quanquam

138 3099 222 3161 notis
248 3098 415 3161 itineribus
443 3099 678 3180 regrederetur,
708 3113 821 3184 pontes
841 3103 952 3182 longos
975 3124 1068 3187 quam
1090 3126 1158 3167 ma·

136 3213 457 3294 turrimesupercrc.
496 3215 664 3294 'Angrrstus
683 3215 712 3278 is
736 3225 853 3277 memes
867 3225 976 3278 rastas
996 3216 1081 3279 inter
1101 3240 1160 3299 pa·

106 3325 230 3394 ,ludes
257 3337 290 3388 et
313 3322 475 3410 quondam
501 3347 522 3387 a
546 3325 649 3391 Lucio
677 3327 821 3391 Domitio
846 3340 1024 3409 aggeratusc
1057 3343 1160 3394 cetera

134 3440 268 3519 limosa,
288 3438 410 3503 teneda
427 3439 516 3520 grati
537 3460 638 3505 coeno
659 3452 715 3504 aut
732 3441 811 3506 risis
831 3440 1078 3521 insenuerant,
1099 3444 1161 3508 cir·

137 3576 227 3620 cnm·
240 3555 515 3637 sdvaepaulatim
538 3554 685 3636 acclives,
715 3567 888 3640 questum
915 3556 1075 3620 Arminius
1101 3558 1162 3620 im-

138 3670 254 3754 plevit,
280 3667 475 3752 compendiIs
495 3671 619 3739 alarum
643 3684 675 3735 et
694 3672 758 3737 cito
780 3672 904 3754 agnulus
925 3684 1074 3737 onustum
1095 3695 1163 3737 sar·

140 3781 221 3847 cinis
252 3782 412 3866 nmisque
444 3784 572 3849 militem
607 3804 705 3868 quum
738 3789 957 3853 antevenisset.
1011 3770 1163 3852 Caecinae

100 3946 101 3949 ,
138 3898 313 3979 dubitanti,
346 3919 487 3984 quotam
510 3897 607 3965 ruodo
627 3910 738 3983 ruptos
763 3912 917 3968 vetustate
936 3914 1051 3986 pontes
1069 3923 1165 3985 repo·

142 4025 234 4076 neret
264 4011 421 4099 simulque
449 4015 652 4098 proptdsaret
680 4013 822 4094 hostem,
856 4028 957 4080 castra
985 4017 1098 4080 metari
1130 4019 1165 4078 in

143 4126 217 4191 loeo
235 4127 362 4209 placuit,
381 4139 420 4191 ut
440 4147 532 4211 opus,
551 4143 584 4194 et
604 4129 658 4194 alli
677 4129 833 4216 proelium
856 4131 1044 4214 inciperent.

863 4253 882 4307 3
