2950 4775
510 420 744 491 ausurum
1095 430 1135 494 19

203 604 241 665 Iu
272 604 368 664 latere
399 597 600 662 Cauchorum
629 596 878 683 Chattorumque
908 598 1058 663 Cherusci
1087 602 1135 662 ni·
1149 606 1185 657 ³6

118 715 214 780 miam
245 738 280 778 ac
309 726 499 793 marcentem
534 711 589 779 diu
622 735 732 796 pacem
763 715 919 777 illacessiti
949 717 1137 779 nutrierunt.

120 830 219 915 quue
239 827 406 909 jucundius
435 849 530 911 qttam
557 827 653 889 tutius
674 827 752 905 fuit,
781 828 856 911 quia
874 828 958 890 inter
981 830 1137 912 impoten-

118 958 166 1010 tes
189 956 220 1008 et
245 942 366 1008 validos
393 946 471 1008 falso
496 945 654 1027 quiescas3
685 945 742 1005 ubi
767 964 863 1005 mauu
885 943 1001 1024 agitur,
1028 942 1137 1008 mode·

119 1060 179 1123 etia
208 1081 243 1121 ac
272 1058 413 1140 probitas
440 1057 569 1120 nomina
597 1057 768 1138 superioris
794 1069 878 1120 sunt.
918 1058 964 1119 Ita
984 1055 1041 1141 qui
1062 1057 1138 1120 oiim

119 1176 198 1239 boni
223 1176 378 1258 aequique
405 1173 571 1253 Cherusci,
603 1196 689 1237 nunc
714 1176 831 1238 inertes
858 1195 892 1237 ac
914 1175 1002 1237 stulti
1020 1196 1136 1239 vocan-

117 1301 182 1353 tur.
240 1288 358 1351 Chattis
390 1285 564 1350 victoribus
593 1287 722 1350 fortuna
753 1289 788 1350 in
820 1287 1003 1371 sapientiam
1037 1291 1137 1352 cessit.

49 1416 52 1420 '
118 1407 226 1468 Tracti
251 1405 345 1466 ruina
373 1402 604 1465 Cheruscorum
635 1414 665 1464 et
696 1401 791 1481 Fosi,
823 1402 1014 1465 contermina
1043 1423 1135 1483 gens:

117 1517 318 1583 adversarum
336 1537 442 1578 rerum
463 1535 626 1598 exaequo
647 1514 724 1578 socii
743 1527 826 1595 sunt,
848 1538 947 1600 quum
969 1517 1004 1578 in
1023 1535 1136 1578 seeun-

117 1630 166 1695 dis
187 1631 325 1695 minores
346 1630 489 1694 fuissent.

199 1745 344 1809 Eundem
366 1743 553 1809 Germaniae
582 1743 687 1804 sinum
714 1741 853 1824 proximi
874 1762 992 1806 oceano
1014 1742 1198 1806 etmarias·

115 1872 234 1939 tenent,
254 1882 354 1942 parva
374 1880 459 1920 nunc
482 1857 598 1934 civitas,
624 1854 678 1918 sed
699 1856 799 1935 gloria
819 1855 936 1935 ingens,
957 1855 1135 1939 veterisque

115 1973 219 2035 famae
243 1975 307 2034 lata
327 1971 455 2051 vestigia
476 1979 605 2032 manent
633 1982 766 2051 utraque
787 1970 858 2051 ripa
881 1981 981 2033 castra
1005 1991 1041 2031 ac
1065 1991 1135 2052 spa-

116 2085 170 2166 tia,
193 2107 329 2170 quorum
360 2086 478 2149 ambitu
509 2105 593 2147 nunc
623 2104 750 2168 quoque
774 2085 912 2148 metiaris
932 2086 1048 2147 molem
1068 2106 1136 2147 ma·

118 2221 243 2285 nusque
270 2201 368 2285 gentis
398 2212 430 2263 et
456 2211 520 2261 tam
546 2199 651 2278 magni
672 2200 773 2261 exitus
796 2199 901 2262 finem.
942 2195 1136 2261 Sexcentesi·

115 2338 203 2379 mum
238 2328 269 2379 et
306 2314 579 2401 quadragesimum
613 2335 731 2377 annum
767 2317 843 2378 urbs
876 2326 983 2377 nostra
1017 2316 1135 2395 agebat,

116 2453 216 2516 quum
237 2431 382 2514 'primum
413 2430 614 2493 Cimbrorum
643 2429 750 2491 audita
778 2442 852 2490 sunt
882 2449 970 2491 arma
999 2426 1134 2490 Caecilio

114 2547 245 2609 Metello
275 2570 310 2610 ac
338 2546 465 2627 Papirio
494 2545 639 2609 Carbone
668 2546 866 2624 consulibus;
897 2564 938 2606 ex
959 2563 1023 2624 quo
1046 2541 1073 2603 si
1094 2537 1134 2601 ad

115 2661 248 2722 alterum
280 2659 479 2743 imperatoris
512 2659 640 2736 Traiani
674 2661 871 2721 consulatum
910 2667 1134 2737 computemus,

113 2772 240 2835 ducenti
259 2774 356 2835 fenne
381 2783 411 2834 et
432 2771 539 2834 decem
562 2772 637 2833 anni
658 2772 854 2851 colliguntur.
897 2767 1031 2832 Tamdiu
1054 2767 1133 2830 Ger-

112 2887 217 2950 mania
238 2888 384 2951 viucitur.
434 2887 538 2950 medio
558 2900 622 2949 tam
643 2887 728 2967 longi
750 2888 820 2951 aevi
840 2887 941 2968 spatio
963 2885 1061 2946 multa
1084 2885 1133 2945 iu-

111 3003 213 3066 vicem
234 2998 356 3062 damna.
397 3000 472 3063 Non
494 2999 627 3080 Samnis,
649 3021 715 3063 nou
737 3002 848 3080 Poeni,
875 3021 941 3062 non
962 2999 1132 3081 Hispaniae

113 3115 281 3194 Galliaeve,
305 3136 345 3177 ne
365 3117 472 3178 Parthi
495 3116 621 3201 quidem
639 3117 763 3199 saepius
784 3114 993 3179 admonuere:
1015 3115 1133 3198 quippe

112 3250 210 3310 regno
239 3230 362 3294 Arsacis
391 3229 493 3291 acrior
522 3240 569 3291 est
600 3228 830 3293 Germanorum
859 3229 999 3291 libertas.
1047 3225 1133 3304 Quid

113 3346 198 3407 enim
218 3343 305 3407 aliud
325 3344 417 3407 nobis
438 3364 532 3427 quam
560 3342 685 3407 caedem
715 3344 837 3425 Crassi,
865 3345 978 3407 amisso
1006 3355 1037 3406 et
1064 3344 1132 3426 ipse

110 3459 250 3537 Pacoro,
274 3459 358 3522 inira
377 3455 560 3529 Ventidium
583 3456 718 3536 dejectus
740 3457 854 3523 Oriens
876 3455 1048 3538 objecerit?
1091 3462 1132 3523 As

112 3576 262 3638 Germani
282 3574 427 3639 Carbone
450 3585 481 3638 et
502 3574 610 3639 Cassio
632 3587 664 3638 et
681 3575 801 3639 Scauro
820 3577 950 3640 Aurelio
974 3588 1007 3639 et
1027 3574 1132 3640 Servi·

110 3689 154 3752 lio
184 3687 359 3771 Caepione,
388 3689 498 3750 Marco
527 3709 655 3773 quoque
682 3690 805 3753 Manlio
836 3690 914 3753 fusis
942 3692 996 3754 rel
1024 3691 1132 3772 captis,

111 3806 252 3888 quinque
274 3807 367 3868 simul
388 3805 567 3868 consulares
582 3808 736 3870 exercitus
758 3807 879 3888 populo
901 3826 1044 3884 romano,
1065 3805 1132 3867 Va·

110 3938 182 3981 rum
205 3931 333 4003 tresque
355 3940 425 3982 cum
448 3939 485 3981 eo
506 3919 645 4000 legiones
671 3919 764 3982 etiam
785 3919 902 3981 caesari
926 3918 1133 3981 abstulerunt.

112 4029 179 4093 Nec
211 4033 339 4113 impune
368 4032 463 4110 Cajus
489 4031 613 4095 Marius
641 4030 676 4093 in
706 4031 812 4108 Itaiia',
850 4030 941 4095 divus
970 4030 1069 4094 Julius
1097 4032 1131 4092 in

113 4144 233 4224 Gallia,
260 4148 384 4211 Drusus
412 4169 446 4209 ac
467 4146 554 4210 Nero
580 4159 611 4210 et
632 4146 836 4212 Germanicus
860 4147 893 4208 in
921 4149 985 4210 suis
1007 4166 1061 4209 eos
1084 4166 1132 4209 se·

827 4267 846 4321 2
859 4261 875 4296 t<
