2950 4775
325 247 385 309 tto
527 256 529 259 ’
665 244 725 312 EX
752 242 985 315 HISTORIIS

322 437 435 481 nrores.
484 416 573 479 illum
605 416 687 479 diem
720 431 775 482 aut
807 417 1064 497 gloriosissimum
1087 419 1178 482 -inter
1206 420 1344 498 maiores

322 545 377 594 aut
395 531 637 611 ignominiosum
660 528 744 614 apud
764 543 910 614 posteros
928 533 1008 597 fore.
1048 532 1114 596 Ubi
1134 551 1215 596 sono
1237 551 1345 595 armo·

321 667 394 743 rum
422 645 631 732 tripudiisque
661 645 719 733 (ita
744 648 807 713 illis
833 643 916 733 mos)
948 652 1121 733 approbata
1147 662 1223 713 sunt
1250 647 1344 728 dicta,

323 764 406 827 saxis
427 740 656 848 glandibusdue
678 776 709 827 et
735 765 845 828 ceteris
866 764 1034 829 missilibus
1055 765 1210 848 proelium
1230 763 1345 846 incipi-

322 891 391 957 tur,
425 898 527 963 neque
549 891 657 942 nostro
681 877 780 940 milite
799 875 947 962 paludem
967 877 1175 962 ingrediente,
1209 887 1243 940 et'
1261 876 1344 939 Ger·

321 994 423 1057 ruanis
444 1006 480 1055 ut
500 992 647 1055 elicerent
666 993 900 1058 lacessentibus.

240 1128 266 1187 5,
278 1126 311 1174 ts
405 1109 588 1190 Absumptis
609 1129 695 1191 quae,
710 1110 869 1188 iaciuntur
889 1119 921 1171 et
940 1104 1120 1170 ardescente
1141 1123 1245 1185 pugna
1266 1121 1344 1185 pro·

323 1241 449 1286 cursum
466 1224 507 1284 ab
521 1224 612 1285 hosta
628 1221 784 1287 infestius.
825 1221 985 1285 immensis
1003 1217 1190 1300 corporibus
1205 1228 1236 1278 et
1249 1234 1345 1297 prae·

322 1336 424 1416 longis
443 1336 540 1399 hastis
560 1334 736 1399 fluitantem
756 1336 976 1419 labantemque
996 1333 1126 1395 militem
1151 1328 1273 1392 eminus
1293 1328 1345 1390 fo·

324 1447 467 1512 diebant:
498 1448 591 1511 simul
619 1448 743 1515 emole
772 1468 869 1530 quam
891 1444 1033 1509 eductam
1053 1445 1087 1507 in
1111 1443 1260 1505 Rhenum
1280 1454 1345 1505 ret·

324 1563 452 1627 tulimus
468 1564 694 1629 Bructerorum
716 1584 835 1628 cuneus
853 1564 1030 1629 tranatavit.
1071 1562 1212 1626 Turbata
1227 1559 1275 1622 ibi
1292 1577 1345 1620 res

324 1688 354 1737 et
374 1679 550 1758 pellebatur
576 1679 731 1745 sociarum
758 1681 935 1745 cohortium
958 1680 1055 1756 acies,
1087 1696 1186 1760 quum
1204 1674 1346 1756 legiones

323 1811 462 1873 pugnam
488 1792 651 1876 excipiunt
678 1813 908 1878 suppressaque
936 1793 1078 1857 hostium
1100 1789 1220 1855 ferocia
1248 1809 1346 1870 proe-

322 1904 401 1967 lium
422 1919 585 1989 aequatur.
625 1906 714 1970 Inter
735 1928 817 1991 quse
838 1907 970 1991 perfuga
989 1908 1123 1970 batavus
1143 1902 1222 1981 adiit
1237 1902 1347 1967 Ceria-

322 2022 386 2082 lem
406 2033 493 2104 terga
512 2022 651 2086 hostium
670 2024 869 2105 promittens,
892 2021 920 2085 si
941 2033 1082 2085 extremo
1103 2016 1227 2103 paludis
1249 2037 1347 2102 eques

325 2134 515 2198 mitteretur:
550 2134 685 2200 solidum
714 2136 769 2198 illa
802 2148 834 2200 et
864 2137 1030 2217 Gugernos
1058 2134 1175 2219 quibus
1203 2129 1348 2196 custodia

325 2248 501 2313 obvenisset
521 2270 634 2332 parum
656 2248 805 2314 intentos.
845 2248 926 2314 duae
947 2251 1015 2314 alae
1033 2268 1104 2311 cum
1121 2247 1253 2331 perfuga
1270 2244 1348 2308 mis·

324 2382 376 2425 sae
398 2362 526 2427 incauto
553 2362 638 2427 hosti
664 2360 969 2430 circumfunduntur.
1011 2360 1099 2449 quod
1123 2360 1181 2428 ubi
1207 2361 1346 2444 elamore

324 2476 481 2556 cognitum
503 2477 640 2558 legiones
660 2499 680 2542 a
700 2478 807 2541 fronte
825 2474 998 2541 incubuere
1025 2476 1173 2562 pulsique
1195 2474 1348 2538 Germani

323 2591 470 2655 Rhenum
502 2591 578 2671 iuga
604 2593 763 2672 petebant.
810 2588 1011 2653 Debellatum
1041 2611 1079 2670 eo
1106 2588 1158 2652 die
1186 2590 1287 2668 foret,
1318 2587 1347 2653 si

322 2726 453 2769 romana
476 2705 580 2768 classis
602 2704 693 2788 sequi
714 2716 910 2769 maturasset.
959 2725 1001 2768 na
1024 2726 1121 2790 eques
1145 2704 1274 2789 quddam
1294 2703 1346 2768 in·

323 2821 398 2883 stitit
418 2832 549 2903 repente
571 2820 649 2885 fusis
669 2820 825 2884 imbribus
847 2831 878 2894 et
897 2818 1080 2904 propinqua
1096 2830 1204 2886 nocte.

237 2945 263 3008 5,
276 2947 307 2999 ts
406 2934 534 2997 Postera
555 2932 606 2997 dia
624 2946 735 3017 quarta
756 2930 886 2998 decuma
902 2934 983 3015 legio
999 2933 1035 2996 in
1052 2933 1249 3017 superiorem
1268 2953 1346 3015 pro·

322 3046 457 3111 vinciam
477 3047 569 3111 Gallo
588 3050 695 3112 Annio
718 3048 829 3113 misem
862 3048 993 3113 Cerialis
1020 3048 1192 3112 exercitum
1213 3047 1345 3113 decuma

323 3181 362 3222 ex
386 3160 538 3243 Hispania
563 3159 645 3243 legio
667 3162 837 3244 supplerit.
880 3160 974 3227 Civili
998 3159 1197 3226 Cauchorum
1227 3161 1346 3225 auxilia

323 3297 447 3341 venere.
489 3297 556 3340 non
584 3290 687 3340 tamen
718 3298 813 3342 ausus
840 3276 993 3361 oppidum
1025 3279 1218 3345 Batavorum
1249 3281 1345 3342 armis

321 3393 416 3471 tueri,
436 3393 535 3477 raptis
557 3415 639 3477 quae
660 3393 738 3457 ferri
757 3404 919 3476 poterant,
941 3393 1051 3458 ceteris
1071 3394 1186 3473 injecto
1207 3394 1288 3476 igni,
1309 3395 1344 3456 in

319 3509 454 3572 insulam
475 3509 641 3587 concessit,
667 3528 784 3590 gnarus
805 3506 912 3571 deesse
930 3527 1027 3574 naves
1047 3506 1212 3571 efficiendo
1236 3507 1338 3592 ponti,

320 3647 422 3709 neque
445 3625 618 3688 exercitum
642 3644 810 3689 romanum
833 3623 925 3687 aliter
950 3624 1215 3688 transmissurum.
1259 3625 1339 3708 quin

321 3755 350 3804 et
372 3741 468 3803 diruit
486 3742 602 3803 molem
623 3762 642 3803 a
665 3741 776 3806 Druso
800 3739 987 3804 Germanico
1015 3740 1147 3819 iactam,
1176 3738 1341 3802 Rhenum·

273 3918 277 3927 ,
321 3878 383 3944 que
403 3873 506 3936 prono
528 3855 617 3918 alveo
637 3853 671 3916 in
695 3853 828 3917 Galliam
849 3864 992 3915 ruentem
1014 3828 1148 3930 disjectis
1169 3872 1252 3934 quae
1272 3870 1344 3921 mo·

321 3970 473 4031 rabuntur
500 3967 622 4032 effudit.
672 3969 715 4032 sic
740 3969 826 4032 velut
848 3972 957 4032 abacto
987 3988 1077 4029 amne
1105 3966 1209 4029 tenutis
1237 3967 1344 4031 alveus
