2950 4775
485 390 548 459 EX
569 389 807 461 HISTORIIS
1094 391 1158 460 103

133 568 224 635 'bium
258 571 382 636 sociatis
416 569 534 655 quique
560 591 637 635 mox
664 591 840 654 provenere
866 571 943 633 haec
972 569 1073 652 patria
1102 584 1157 650 est,

135 707 194 748 nec
214 706 272 751 vas
296 683 375 750 adeo
396 685 523 768 iniquos
551 683 781 766 existimamus,
811 699 847 748 ut
865 686 1036 751 interficia
1065 690 1157 751 nobis

132 795 298 884 parentes,
335 802 465 879 fratres,
498 802 616 864 liberos
647 813 773 864 nostros
804 800 918 864 velitis.
966 801 1096 882 vectigal
1126 816 1156 866 et

135 936 235 979 onera
256 915 513 979 commerciorum
533 916 729 980 resolvimus.
771 915 834 977 siat
848 915 997 977 transitus
1018 917 1157 980 incusto-

134 1030 203 1110 diti,
227 1030 282 1094 sed
305 1029 412 1092 diurni
433 1043 464 1093 et
487 1032 632 1111 inermes,
654 1030 755 1095 donec
776 1050 860 1096 nova
880 1042 911 1100 et
930 1031 1065 1092 recentia
1085 1036 1156 1108 jura

131 1149 170 1209 in
198 1157 382 1212 vetustatem
411 1148 634 1212 consuetudine
663 1158 837 1212 vertantur.
885 1146 1036 1209 arbitrum
1059 1146 1156 1208 habe·

134 1261 239 1322 bimus
261 1241 396 1324 Civilem
412 1273 442 1322 et
459 1259 622 1338 Veledam,
641 1257 727 1342 apud
748 1279 828 1343 quos
848 1271 939 1342 pacta
959 1260 1157 1322 saucientur!

134 1373 187 1436 Sic
206 1374 309 1436 lenitis
330 1373 492 1437 Tencteris
512 1372 605 1454 legati
625 1369 665 1435 ad
686 1370 818 1436 Civilem
847 1386 878 1437 et
897 1371 1049 1436 Veledam
1069 1372 1156 1434 missi

133 1511 206 1551 cum
234 1487 325 1551 donis
354 1484 463 1552 cuncta
491 1511 531 1551 ex
555 1491 718 1554 voluntate
742 1487 1016 1570 AgrippInensium
1042 1508 1156 1570 perpe·

131 1615 266 1666 trevere.
309 1601 363 1665 sed
386 1622 493 1664 eoram
514 1599 601 1666 adire
622 1601 805 1684 alloquique
825 1600 979 1664 Veledam
1000 1614 1156 1682 negatum.

132 1720 321 1780 arcebantur
340 1731 483 1800 aspectu,
510 1738 575 1802 quo
596 1716 807 1781 venerationis
830 1718 901 1798 plus
921 1711 1044 1779 inesset.
1085 1715 1155 1797 ipsa

131 1829 215 1893 edita
237 1831 271 1892 in
292 1844 396 1897 turre:
417 1829 555 1896 delectus
576 1854 594 1895 e
615 1818 804 1916 propinquis
826 1833 967 1896 consulta
987 1852 1154 1914 responsa·

126 1960 196 2029 ‘que
217 1957 253 2007 ut
275 1945 486 2008 internuntius
508 1945 646 2008 numinis
666 1947 822 2028 portabat.
929 1984 933 1991 ·

219 2056 326 2121 Civilis
359 2060 505 2121 societate
537 2058 814 2141 Agrippinensium
852 2070 960 2120 auctus
981 2056 1153 2139 'proximas
1165 2069 1192 2132 4,
1200 2069 1235 2119 66

131 2171 271 2235 civitates
291 2172 436 2234 affectare
464 2183 519 2235 aut
546 2169 784 2236 adversantibus
810 2172 927 2234 bellum
951 2170 1068 2232 inferre
1090 2182 1152 2231 sta·

129 2287 199 2348 terit.
242 2287 462 2370 occupatisque
490 2283 614 2348 Sunicis
641 2300 672 2350 et
691 2290 851 2363 juventute
881 2304 991 2348 eorum
1019 2302 1076 2364 per
1099 2303 1151 2344 eo·

127 2402 237 2465 lrortes
259 2404 448 2485 composita,
480 2423 545 2486 quo
569 2403 673 2467 minus
701 2404 786 2464 ultra
807 2416 967 2486 pergeret,
1001 2399 1150 2463 Claudius

126 2514 237 2580 Labeo
258 2518 455 2581 Betasiorum
476 2520 741 2604 Tungrorumque
768 2532 798 2582 et
822 2519 1014 2583 Nerviorum
1034 2519 1150 2581 tumul·

126 2635 233 2697 tuaria
258 2657 355 2698 manu
386 2636 501 2700 restitit
529 2639 629 2700 fretus
657 2640 745 2715 loco,
778 2637 852 2721 quia
880 2649 1008 2719 pontem
1035 2635 1148 2728 Mosae

127 2747 267 2811 fluminis
288 2762 493 2832 anteceperat.
532 2753 794 2834 pugnabaturque
822 2750 857 2812 in
880 2750 1027 2832 angustiis
1049 2748 1148 2810 ambi·

124 2884 197 2943 gue,
220 2861 319 2925 donec
337 2862 487 2924 Germani
497 2847 696 2925 'uanatantes
715 2877 802 2943 terga
818 2862 977 2926 Labeonis
995 2866 1148 2928 invasere.

126 2978 229 3041 Simul
252 2977 373 3055 Civilis,
395 3001 489 3043 atreus
513 3001 553 3040 an
576 3000 617 3041 ex
637 2981 826 3062 composito,
848 2981 955 3044 intulit
975 3002 1007 3043 se
1032 2981 1146 3061 agmini

125 3095 330 3173 Tungrorum
361 3106 393 3156 et
422 3096 507 3156 clara
536 3115 612 3159 voce
644 3096 720 3157 ‘non
750 3095 841 3173 ideo,
872 3094 993 3178 inquit,
1028 3096 1146 3157 bellum

124 3208 315 3289 sumpsimus
351 3221 386 3270 ut
421 3207 533 3270 Batavi
569 3220 600 3269 et
634 3207 767 3271 Treveri
802 3207 946 3288 gentibus
982 3209 1146 3289 imperent.

124 3324 239 3404 procul
269 3323 346 3383 laaec
378 3345 398 3384 a
430 3321 526 3408 nobis
554 3322 742 3403 arrogantia.
800 3322 927 3405 accipite
959 3319 1147 3418 societatem.

122 3435 338 3517 transgredior
357 3436 398 3501 ad
420 3459 493 3517 vos,
514 3459 571 3501 seu
591 3459 642 3500 me
665 3436 775 3501 ducem
799 3460 854 3502 seu
874 3440 1005 3502 militem
1024 3439 1146 3503 mavul·

123 3554 184 3616 tis!
233 3553 424 3647 lllovebatur
455 3555 565 3634 vulgus
601 3553 842 3639 condebantque
875 3555 1011 3637 gladios,
1048 3578 1146 3640 quum

124 3668 305 3751 Campanus
330 3692 367 3733 ac
393 3672 551 3735 luvenalis
575 3693 615 3732 ex
637 3671 830 3751 primoribus
850 3673 1052 3753 Tungrorum
1073 3672 1145 3734 uni-

123 3805 247 3848 versam
277 3785 306 3848 ei
334 3798 458 3866 gentem
482 3784 640 3850 dedidere.
681 3787 790 3851 Labeo
818 3802 986 3873 antequam
1013 3790 1144 3854 circum-

123 3900 284 3963 veniretur
306 3891 456 3983 profugit.
506 3898 614 3962 Civilis
635 3901 778 3964 Betasios
802 3923 929 3985 quoque
952 3925 987 3965 ac
1008 3903 1145 3969 Nervios

123 4014 157 4074 in
187 4011 280 4076 fidem
307 4027 449 4102 acceptos
480 4013 577 4098 copiis
605 4014 670 4079 suis
694 4015 853 4095 adjunxit,
892 4017 1000 4098 ingens
1026 4039 1143 4097 rerum,

125 4130 275 4209 perculsis
297 4130 455 4192 civitatum
478 4128 588 4192 animis
609 4131 660 4193 vel
680 4142 793 4213 sponte
814 4130 1047 4197 inclinantibus.
