2950 4775
173 198 194 243 ⁸
498 286 560 356 ux
582 286 818 355 HISTORIIS
986 331 990 338 ,
1101 292 1164 359 113

144 464 311 543 invalidus,
331 464 565 546 flagrantissima
586 465 763 531 cohortium
783 487 912 530 suarum
933 467 1062 550 integra,
1082 490 1163 552 quae

143 604 183 645 ex
217 583 350 647 Cauchis
386 582 556 665 Frisiisque
595 584 768 668 composita
804 583 947 648 Tolbiaci
980 586 1014 648 in
1046 583 1162 650 linibus

142 699 418 783 Agrippinensium
435 701 554 781 agebat.
594 698 659 764 Sed
678 701 775 765 tristis
797 701 927 765 nuntius
944 698 1088 783 advertit,
1107 701 1162 766 de·

142 814 236 876 letam
261 814 421 876 cohortem
448 811 522 875 dolo
544 811 837 895 Agrippinensium,
867 814 923 897 qui
943 815 1037 896 largis
1061 815 1162 899 epulis

141 928 281 1010 vinoque
302 925 422 1009 sopitos
445 926 619 989 Germanos
647 924 760 990 clausis
787 924 928 1006 foribus,
955 925 1027 1010 igne
1048 928 1161 1008 injecto

142 1063 329 1106 cremavere.
382 1040 484 1105 Simul
519 1040 648 1105 Cerialis
680 1063 819 1126 propero
850 1042 972 1124 agmine
998 1044 1163 1114 subvenit.

142 1156 394 1221 circumsteterat
410 1155 542 1221 Civilem
559 1170 590 1220 et
605 1155 684 1219 elius
703 1169 814 1236 metus,
834 1177 875 1218 ne
898 1166 1010 1240 quarta
1032 1154 1161 1247 decuma

143 1275 225 1355 legio
248 1273 392 1352 adjuncta
418 1272 593 1338 britannica
616 1275 712 1336 classe
734 1271 898 1336 afflictaret
917 1272 1069 1351 Batavos,
1098 1294 1161 1356 qua

143 1406 261 1450 oceano
292 1385 483 1449 ambiuntur.
525 1383 589 1448 Sed
616 1385 772 1464 legionem
796 1386 938 1450 terrestri
960 1386 1073 1451 itinere
1099 1385 1161 1448 Fa·

142 1502 213 1563 bius
233 1500 357 1562 Priscus
377 1500 495 1578 legatus
516 1497 549 1559 in
570 1496 706 1561 Nervios
727 1497 936 1582 Tungrosque
958 1495 1067 1579 duxit,
1089 1488 1160 1563 eae'-

142 1636 205 1698 que
239 1613 376 1676 civitates
407 1612 441 1673 in
474 1609 665 1676 deditionem
685 1610 851 1695 acceptae.
914 1612 1043 1675 classem
1073 1614 1160 1675 ultro

143 1728 364 1791 Canninefates
393 1725 526 1806 aggressi
554 1737 627 1788 sunt
651 1727 814 1809 majorque
845 1742 920 1806 pars
947 1724 1076 1790 navium
1106 1722 1161 1787 de·

141 1862 248 1924 pressa
278 1855 332 1904 aut
360 1853 459 1923 capta.
508 1854 538 1904 et
566 1839 759 1904 Nerviorum
786 1835 1020 1902 multitudinem
1049 1853 1161 1923 sponte

142 1966 330 2018 commotam
362 1965 399 2015 ut
431 1972 491 2035 pro
522 1952 673 2016 Romanis
705 1953 826 2015 bellum
858 1964 1032 2035 capesseret
1064 1952 1161 2017 iidem

142 2066 364 2129 Canninefates
384 2062 524 2128 sederes
548 2062 703 2128 Classicus
725 2050 853 2149 quoque
871 2063 1021 2131 adversus
1041 2067 1162 2150 equites

140 2183 315 2249 Noresium
336 2203 355 2243 a
376 2180 498 2244 Ceriale
517 2179 706 2262 praemissos
732 2178 906 2241 secundum
931 2180 1087 2262 proelium
1115 2181 1163 2242 fe·

143 2299 194 2361 cit.
233 2295 331 2373 ‘Quae
348 2295 477 2360 modica
504 2292 558 2359 sed
587 2298 698 2359 crebra
725 2293 840 2358 damna
867 2296 983 2358 famam
1012 2297 1160 2361 victoriae

140 2437 243 2498 nuper
262 2429 370 2497 partae
390 2416 580 2478 lacerabant.
787 2477 789 2481 ,

224 2533 266 2594 At
284 2531 484 2594 Domitianus
499 2528 730 2611 Mucianusque
753 2535 922 2609 antequam
941 2525 1064 2608 alpibus
1084 2546 1161 2607 pro·
1174 2546 1244 2609 gaf,

139 2645 339 2728 pinquarent,
358 2665 528 2728 prosperos
551 2664 658 2706 rerum
677 2642 712 2704 in
732 2640 879 2705 Treveris
899 2653 1057 2720 gestarum
1077 2661 1161 2703 nun-

139 2759 201 2822 tios
231 2780 387 2843 accepere.
440 2760 610 2842 praecipua
641 2757 789 2822 victoriae
818 2754 895 2819 fides
926 2755 993 2819 dux
1020 2758 1160 2820 hostium

46 2944 50 2950 .
140 2876 344 2956 Valentinus,
382 2896 581 2959 nequaquam
613 2876 733 2952 abjecto
767 2872 888 2950 animo,
922 2890 1002 2955 quos
1033 2871 1161 2955 spiritus

140 2993 283 3073 gessisset
302 2992 394 3056 uultu
417 2992 547 3054 ferebat.
589 2988 713 3054 auditus
740 2986 814 3050 ideo
837 2998 960 3049 tantum
987 2999 1024 3049 ut
1051 3005 1161 3047 nosce·

141 3118 231 3169 retur
256 3105 416 3186 ingenium
444 3110 528 3183 ejus,
561 3103 789 3185 damnatusque
808 3099 893 3162 inter
915 3098 1020 3182 ipsum
1041 3099 1162 3180 suppli·

143 3220 227 3284 cium
250 3219 455 3303 exprobranti
480 3218 604 3281 cuidam
627 3219 762 3300 patriam
785 3219 851 3295 ejus
876 3225 998 3297 captam
1022 3214 1162 3295 accipere

143 3358 177 3399 se
200 3335 345 3398 solatium
360 3315 475 3398 'mortis
496 3315 669 3415 respondit.
717 3328 781 3396 Sed
803 3329 970 3392 Mucianus
998 3325 1085 3411 quod
1107 3325 1161 3388 diu

143 3431 353 3517 occultaverat
371 3464 408 3515 ut
426 3431 534 3513 recens
560 3448 772 3533 exprompsitz
800 3444 951 3530 quoniam
972 3441 1162 3521 benignitate

143 3563 238 3629 deum
260 3567 375 3627 fractare
395 3563 534 3627 hostium
557 3565 640 3628 vires
662 3565 783 3640 forent,
812 3578 925 3641 parum
954 3553 1067 3618 decore
1092 3554 1162 3617 Do·

143 3679 307 3741 mitiauum
340 3677 482 3740 confecto
514 3697 618 3758 prope.
645 3676 730 3737 bello
763 3673 885 3762 alienae
915 3668 1033 3750 gloriae
1065 3669 1163 3730 inter·

143 3806 321 3855 venturum.
372 3791 400 3852 si
432 3801 529 3853 status
559 3788 684 3870 imperii
718 3798 774 3849 aut
807 3786 891 3849 salus
921 3781 1095 3844 Galliarum
1127 3781 1162 3841 in

146 3891 322 3967 discrimine
343 3917 533 3983 verteretur,
563 3901 708 3966 debuisse
730 3915 886 3965 caesarem
905 3896 940 3958 in
969 3894 1034 3958 acie
1060 3907 1161 3957 stare:

54 4081 56 4086 .
143 4016 362 4082 Canninefates
381 4018 580 4103 Batavosque
602 3997 778 4080 minoribus
807 4011 940 4076 ducibus
966 4008 1164 4093 delegandos.

883 4136 902 4189 8
