2950 4775
321 405 366 473 80
664 401 728 471 EX
749 402 987 473 HISTORIIS

323 592 435 663 gantur
455 576 534 643 duce
555 579 682 665 Aquilio
704 578 908 665 primipilari,
933 600 1049 643 nomen
1071 576 1167 659 magis
1190 575 1348 641 exercitus
1442 609 1443 646 1

323 718 420 782 quam
439 696 556 759 robure
584 696 702 778 quippe
729 694 852 761 viribus
877 694 1055 758 cohortium
1076 689 1219 756 abductis
1244 692 1348 755 Vitel-

322 808 385 873 lius
402 831 419 871 e
433 808 587 892 proximis
601 808 793 875 Nerviorum
810 807 1104 893 Germanorumque
1117 806 1204 892 pagis
1219 827 1347 890 segnem

233 906 238 918 ι
326 944 491 986 numerum
511 924 606 985 arnus
626 931 824 986 oneraverat.

238 1077 266 1143 4,
276 1077 310 1128 16
409 1035 517 1102 Civilis
543 1033 619 1098 dolo
639 1033 843 1116 grassandum
862 1046 950 1098 ranis
969 1033 1126 1100 incusavit
1145 1035 1230 1098 ultro
1251 1052 1348 1116 prae-

323 1150 421 1212 fectos
450 1146 538 1232 quod
563 1151 688 1212 castella
716 1147 941 1214 deseruissent:
972 1168 1006 1214 se
1037 1168 1108 1214 cum
1136 1149 1265 1213 cohorte
1296 1149 1349 1210 cui

323 1277 467 1347 praeerat
486 1265 715 1328 canninelatem
735 1268 905 1331 tumultum
926 1285 1194 1347 compressurum:
1219 1261 1267 1328 illi
1288 1282 1348 1324 sua

324 1384 459 1465 quisque
484 1382 618 1444 hiberna
648 1393 835 1463 repeterent.
877 1378 1012 1444 Subesse
1040 1379 1186 1444 fraudem
1213 1378 1346 1442 consilio
1442 1417 1443 1422 κ

324 1508 355 1558 ct
384 1494 538 1578 dispersas
568 1497 712 1560 cohortes
741 1497 863 1560 facilius
887 1493 1040 1578 opprimi,
1069 1516 1127 1558 nec
1147 1493 1347 1557 Brinnonem
1442 1487 1443 1494 '

321 1608 434 1673 ducem
456 1615 523 1689 ejus
545 1608 694 1673 belli'sed
717 1607 850 1674 civitem
871 1630 937 1672 esse
953 1609 1077 1691 pinsit,
1106 1608 1344 1691 erumpentsbus

321 1725 474 1807 paulatim
494 1722 634 1799 indiciis,
657 1744 740 1806 quae
761 1720 929 1801 Germani,
953 1723 1036 1783 laeta
1055 1722 1140 1784 bello
1162 1742 1255 1801 gens,
1277 1739 1346 1782 non

323 1838 379 1902 diu
401 1842 642 1904 occultaverant.
683 1836 749 1900 Ubi
771 1836 903 1900 insidiae
923 1858 1034 1920 parum
1058 1857 1194 1916 cessere,
1219 1833 1260 1898 ad
1278 1837 1347 1899 aim

321 1966 531 2035 transgressus
554 1951 793 2031 Canninefates,
813 1952 949 2033 Frisios,
972 1952 1108 2017 Batavos
1129 1951 1268 2034 propriis
1290 1971 1347 2012 cu·
1461 1938 1462 1977 3

321 2066 390 2128 neis
411 2063 581 2145 componit.
623 2063 753 2130 Dire'cta
773 2086 814 2127 ex
842 2057 965 2130 diberso
987 2067 1067 2130 acies
1088 2064 1173 2128 haud
1193 2067 1346 2147 procula

321 2175 451 2239 flumine
470 2177 584 2239 Rheno
606 2189 637 2240 st
657 2178 800 2240 obversis
821 2179 855 2240 in
876 2179 998 2242 hostem
1019 2179 1170 2257 navibus,
1195 2200 1275 2263 quas
1294 2177 1346 2240 in·

320 2290 422 2353 censis
444 2291 577 2353 castellis
597 2289 672 2352 illuc
700 2292 896 2372 appulerant.
943 2290 1011 2355 Nec
1038 2290 1092 2354 diu
1116 2304 1233 2354 certato
1254 2292 1347 2354 Tun·

322 2425 451 2485 morum
479 2405 594 2466 cohors
614 2403 702 2483 signa
723 2403 763 2466 ad
784 2402 924 2471 Civilem.
942 2406 1117 2483 transtulit,
1145 2405 1346 2489 perculsique

320 2519 434 2583 milites
455 2520 628 2600 improvisa
649 2518 829 2601 proditione
850 2543 870 2584 a
894 2522 989 2583 sociis
1008 2523 1214 2605 hostibusque
1234 2519 1346 2586 caede·

320 2634 448 2697 bantur.
490 2631 608 2697 Eadem
637 2633 731 2695 etiam
758 2635 891 2696 navibus
912 2632 1054 2715 perfidia.
1095 2655 1169 2717 pars
1189 2636 1345 2715 remigum

322 2767 340 2808 e
360 2746 487 2810 Batavis
508 2757 659 2828 tanquam
681 2747 838 2826 imperitia
855 2746 958 2810 officia
979 2759 1145 2811 nautarum
1162 2768 1346 2831 propugna-

320 2871 490 2943 torumque
511 2859 733 2942 impediebant.
775 2883 852 2924 mox
876 2876 984 2926 contra
1001 2865 1147 2944 tendere,
1169 2877 1201 2927 et
1220 2871 1345 2947 puppes

321 2975 428 3038 hostili
448 2976 537 3056 ripae
559 2978 706 3053 objicere.
749 2976 789 3039 ad
809 2991 1002 3061 postremum
1022 2982 1246 3061 gubernatores
1270 3001 1346 3044 cen·

320 3090 527 3171 turionesque
555 3089 617 3151 nisi
646 3086 756 3151 eadem
779 3093 920 3155 volentes
948 3092 1121 3173 trucidant,
1150 3092 1250 3158 donec
1271 3093 1345 3156 uni·

319 3224 412 3268 versa
433 3217 584 3288 quartum
603 3219 634 3268 et
651 3205 764 3286 viginti
784 3208 913 3271 navium
934 3209 1038 3273 classis
1058 3211 1268 3292 transfugeret
1288 3221 1347 3273 aut

321 3330 495 3399 caperetur.

236 3462 307 3527 4,ss
407 3432 500 3495 Clara
524 3443 562 3496 e‘a
588 3431 720 3497 victoria
751 3431 785 3494 ita
815 3451 982 3514 praesens,
1010 3433 1226 3519 inposterum
1252 3439 1345 3502 usuiz

320 3565 468 3629 musaque
491 3558 522 3609 et
548 3559 645 3612 naves
672 3548 787 3630 quibus
814 3546 996 3630 indigebant
1024 3549 1129 3633 adepti
1147 3574 1261 3633 magna
1282 3573 1345 3635 per

321 3662 504 3728 Germanias
525 3663 705 3747 Galliasque
735 3664 820 3726 ferna
849 3665 1002 3729 libertatis
1031 3682 1173 3731 auctores
1202 3670 1344 3731 celebra·

319 3781 445 3844 bantur.
487 3775 672 3843 Germaniae
700 3781 804 3845 statim
830 3782 944 3845 misere
971 3783 1088 3863 legatos
1116 3783 1233 3845 auxilia
1262 3782 1344 3847 olfe-

318 3905 435 3956 rentea.
484 3893 657 3956 Galliarum
685 3895 860 3958 societatem
889 3897 996 3961 ctvttts
1019 3909 1085 3959 arte
1109 3896 1264 3983 donisque
1293 3898 1343 3961 af-

318 4004 469 4081 fectabat,
499 4019 606 4088 captos
637 4007 814 4072 cohortium
832 4008 1013 4092 'praefectos
1041 4032 1112 4075 suas
1137 4012 1173 4074 in
1199 4012 1342 4077 civitates

317 4116 522 4197 remittendo,
552 4122 734 4184 cohortibus
765 4121 852 4185 abira
882 4145 924 4187 an
951 4144 1080 4188 manere
1107 4127 1238 4191 mallent
1266 4124 1342 4190 data
