2950 4775
338 394 381 460 ot
682 387 743 455 EX
766 387 1002 457 HISTORIIS

339 571 406 635 Nec
425 567 480 631 diu
502 575 662 629 cunctatus
682 560 886 629 Hordeonius
907 563 1034 627 nomine
1054 561 1243 645 Vespasiani
1264 559 1364 626 dedit.

339 683 436 767 idque
456 679 662 764 praecipuum
691 676 853 741 seditionis
880 676 942 740 fuit
970 677 1162 741 alimentum·
1205 678 1298 742 effusi
1325 677 1363 739 in

339 801 452 871 luxum
481 809 512 859 et
538 795 645 878 epulas
673 806 705 856 et
731 806 904 858 nocturnos
934 804 1041 855 coetus
1063 805 1198 856 veterem
1217 792 1253 853 in
1273 790 1362 854 Hor·

341 911 489 976 deonium
519 911 600 972 iram
627 922 799 986 renovant,
829 929 887 970 nec
915 908 981 971 ullo
1010 909 1184 988 legatorum
1212 907 1362 969 mbuno-

339 1046 449 1090 rumve
476 1025 635 1089 'obsistere
671 1045 749 1088 auso
784 1020 917 1109 (quippe
950 1043 1075 1088 omnem
1105 1020 1259 1105 pudorem
1292 1042 1362 1086 nox

340 1134 512 1222 ademerat)
540 1149 779 1219 protractum'e
809 1137 906 1200 cubili
931 1126 1130 1200 interficiirnt.
1176 1133 1294 1198 Eadem
1323 1137 1361 1197 ia

338 1256 494 1319 Voculam
518 1255 728 1336 parabantur,
762 1253 824 1316 nisi
855 1252 962 1318 servili
989 1253 1097 1317 habitu
1127 1273 1185 1334 per
1212 1253 1362 1315 tenebras

339 1370 498 1449 ignoratus
533 1366 688 1431 evasisset.
744 1364 803 1427 ubi
834 1363 941 1430 sedato
974 1364 1093 1448 impetu
1121 1377 1223 1428 metus
1254 1362 1363 1441 rediit,

340 1482 538 1548 centuriones
560 1502 632 1545 cum
654 1480 795 1563 epistolis
823 1479 863 1544 ad
890 1480 1030 1545 civitates
1051 1479 1225 1544 Galliarum
1243 1479 1362 1541 misere

340 1596 457 1662 auxilia
477 1620 512 1661 ac
532 1593 687 1678 stipendia
709 1607 865 1659 oraturos.

254 1721 325 1786 aaz
417 1708 505 1791 Ipsi,
525 1719 561 1769 ut
581 1720 627 1769 est
648 1710 760 1788 vulgus
781 1707 848 1770 sine
871 1720 992 1771 rectore
1012 1726 1178 1789 praeceps,
1198 1703 1362 1788 pavidum,

339 1842 456 1900 socors,
482 1821 669 1884 adventante
693 1818 804 1898 Civile,
826 1821 925 1901 raptis
944 1830 1062 1882 temere
1083 1819 1178 1881 armis
1198 1840 1234 1882 ae
1253 1819 1362 1895 statio

339 1934 462 1998 omissis
492 1934 527 1996 in
556 1937 663 2016 fugam
692 1946 869 1998 vertunum.
915 1935 978 1998 Res
1000 1932 1148 2000 adversae
1169 1932 1361 1999 discordiam

338 2070 490 2132 peperere
508 2049 547 2112 iis
564 2051 653 2132 quie
674 2050 838 2131 superiore
859 2048 999 2112 exercitu
1017 2061 1106 2111 erant
1125 2069 1250 2112 causam
1269 2069 1362 2111 suam

340 2163 588 2228 dissociantibus.
629 2165 750 2227 Vitellii
769 2177 873 2226 tamen
895 2164 1046 2245 imagines
1066 2165 1100 2226 in
1125 2163 1233 2226 castris
1251 2176 1282 2226 et
1299 2183 1362 2244 per
1464 2244 1465 2261 Χ

338 2277 499 2360 proximas
528 2279 706 2358 Belgarum*
726 2277 867 2342 ciuitates
892 2277 1067 2360 repositae,
1094 2297 1191 2359 quum
1216 2281 1279 2355 iam
1298 2274 1361 2338 Va‘·

337 2394 441 2457 tollius
463 2388 633 2457 occidisset.
676 2390 750 2455 dein
771 2394 883 2455 mutati
904 2393 939 2454 in
967 2393 1191 2475 poenitentiam
1219 2391 1361 2474 primani

338 2509 548 2593 quartanique
564 2522 595 2571 et
612 2507 888 2573 duoetvicensimani
900 2509 1055 2571 Voculam
1071 2521 1254 2592 sequuntur,
1272 2505 1362 2591 apud

339 2643 433 2705 quem
462 2634 624 2704 resumpto
649 2623 838 2703 Vespasiani
867 2635 1060 2686 sacramento
1088 2623 1129 2685 ad
1158 2621 1362 2686 liberandum

336 2737 527 2817 Magontiaci
547 2736 705 2801 obsidium
726 2735 931 2801 ducebantur.
980 2738 1196 2802 Discesserent
1215 2740 1362 2802 obsesso.-

337 2874 406 2931 res,
428 2855 545 2916 mixtus
567 2874 608 2917 ex
630 2852 766 2931 Chattis,
786 2852 911 2935 Usipis‚
937 2853 1093 2916 Mattiacis
1116 2853 1288 2933 exercitus,
1308 2876 1363 2917 sa·
1463 2909 1464 2932 2

337 2967 444 3029 tietate
461 2965 596 3048 praedae
617 2987 674 3029 nec
689 2968 858 3029 incruenti.
898 2966 933 3027 in
951 2968 1003 3031 via
1022 2964 1177 3049 dispersos
1193 2982 1224 3031 et
1237 2970 1364 3033 nescios
1463 3045 1464 3054 ἵ

338 3084 428 3145 miles
449 3095 557 3145 noster
576 3084 744 3145 invaserat.
790 3078 875 3158 Quin
897 3093 929 3143 et
949 3082 1079 3145 loricam
1102 3085 1280 3168 vallumque
1300 3108 1363 3168 per

337 3196 416 3260 fines
437 3216 511 3260 suos
532 3197 666 3261 Treveri
686 3210 828 3267 smuxere
853 3193 1034 3279 magnisque
1061 3196 1196 3262 invicem
1219 3198 1363 3263 cladibus

337 3331 409 3376 cum
438 3308 604 3396 Germanis
636 3311 812 3385 certabant,
845 3304 944 3371 donec
958 3309 1087 3389 ¹egregia
1110 3331 1182 3392 erga
1202 3316 1364 3395 populum

336 3443 505 3488 romanum
525 3425 635 3487 merita
655 3443 732 3485 mox
752 3423 885 3485 rebelles
905 3422 1080 3486 foedarent.

255 3555 326 3621 aaa
423 3534 466 3623 (a.
489 3531 544 3619 70)
573 3533 689 3598 Audita
717 3536 843 3597 interim
875 3555 949 3617 per·
964 3534 1080 3600 Gallias
1113 3538 1365 3625 Germaniasque

339 3671 424 3713 mors
451 3650 572 3712 Vitellii
598 3650 812 3732 duplicaverat
838 3653 966 3714 bellum.
1007 3673 1080 3715 nam
1107 3652 1214 3720 Civilis
1244 3657 1367 3717 omissa

339 3762 583 3827 dissimulatione
609 3766 644 3826 in
671 3764 825 3846 populum
847 3784 1015 3827 romanum
1041 3785 1154 3842 ruere,
1181 3767 1364 3834 Vitellianae
1462 3777 1463 3798 ³

336 3879 477 3960 legiones
497 3881 549 3943 vel
570 3890 737 3941 externum
758 3879 919 3944 servitium
940 3900 1033 3963 quam
1054 3882 1274 3962 imperatorem
1292 3881 1366 3944 Ve-

337 3993 518 4073 spasianum
548 3992 650 4054 malle.
707 3991 791 4055 Galli
824 3995 1014 4056 susuderant
1049 3993 1188 4072 animos,
1225 3989 1371 4064 eandem

339 4106 457 4188 ubique
489 4108 682 4171 exercituum
714 4120 897 4174 nostrorum
927 4110 1086 4173 fortunam
1118 4108 1195 4189 rati,
1231 4111 1365 4192 vulgato
