<?xml version="1.0" encoding="UTF-8"?>
<!DOCTYPE html PUBLIC "-//W3C//DTD XHTML 1.0 Transitional//EN"
    "http://www.w3.org/TR/xhtml1/DTD/xhtml1-transitional.dtd">
<html xmlns="http://www.w3.org/1999/xhtml" xml:lang="en" lang="en">
 <head>
  <title>
</title>
<meta http-equiv="Content-Type" content="text/html;charset=utf-8" />
  <meta name='ocr-system' content='tesseract 3.04.00' />
  <meta name='ocr-capabilities' content='ocr_page ocr_carea ocr_par ocr_line ocrx_word'/>
</head>
<body>
  <div class='ocr_page' id='page_1' title='image "./tacitigermania01grimgoog_0060.png"; bbox 0 0 2950 4775; ppageno 0'>
   <div class='ocr_carea' id='block_1_1' title="bbox 304 358 981 432">
    <p class='ocr_par' dir='ltr' id='par_1_1' title="bbox 304 358 981 432">
     <span class='ocr_line' id='line_1_1' title="bbox 304 358 981 432; baseline 0.001 -2"><span class='ocrx_word' id='word_1_1' title='bbox 304 360 350 430; x_wconf 84' lang='lat' dir='ltr'><strong>ts</strong></span> <span class='ocrx_word' id='word_1_2' title='bbox 642 358 704 429; x_wconf 78' lang='grc' dir='ltr'><strong>ΒΧ</strong></span> <span class='ocrx_word' id='word_1_3' title='bbox 725 358 981 432; x_wconf 72' lang='lat' dir='ltr'><strong>lutulentus</strong></span> 
     </span>
    </p>
   </div>
   <div class='ocr_carea' id='block_1_2' title="bbox 187 533 1358 4052">
    <p class='ocr_par' dir='ltr' id='par_1_2' title="bbox 250 533 1332 966">
     <span class='ocr_line' id='line_1_2' title="bbox 306 533 1332 623; baseline -0.001 -21"><span class='ocrx_word' id='word_1_4' title='bbox 306 539 335 602; x_wconf 92' lang='lat' dir='ltr'><strong>si</strong></span> <span class='ocrx_word' id='word_1_5' title='bbox 354 538 537 622; x_wconf 71' lang='lat' dir='ltr'>pelleretur,</span> <span class='ocrx_word' id='word_1_6' title='bbox 558 533 744 621; x_wconf 81' lang='lat' dir='ltr'><strong>scripsitque</strong></span> <span class='ocrx_word' id='word_1_7' title='bbox 762 538 876 602; x_wconf 84' lang='lat' dir='ltr'><strong>Publio</strong></span> <span class='ocrx_word' id='word_1_8' title='bbox 896 537 1010 602; x_wconf 82' lang='lat' dir='ltr'><strong>Atellio</strong></span> <span class='ocrx_word' id='word_1_9' title='bbox 1029 537 1151 619; x_wconf 84' lang='lat' dir='ltr'><strong>Histro,</strong></span> <span class='ocrx_word' id='word_1_10' title='bbox 1172 539 1229 623; x_wconf 88' lang='lat' dir='ltr'><strong>qui</strong></span> <span class='ocrx_word' id='word_1_11' title='bbox 1244 540 1332 604; x_wconf 88' lang='lat' dir='ltr'><strong>Pan·</strong></span> 
     </span>
     <span class='ocr_line' id='line_1_3' title="bbox 306 639 1330 735; baseline -0.002 -18"><span class='ocrx_word' id='word_1_12' title='bbox 306 654 435 717; x_wconf 86' lang='lat' dir='ltr'><strong>uoniam</strong></span> <span class='ocrx_word' id='word_1_13' title='bbox 454 648 671 735; x_wconf 73' lang='lat' dir='ltr'><strong>praesidebat,</strong></span> <span class='ocrx_word' id='word_1_14' title='bbox 693 650 851 732; x_wconf 82' lang='lat' dir='ltr'>legionem</span> <span class='ocrx_word' id='word_1_15' title='bbox 871 639 1003 735; x_wconf 71' lang='lat' dir='ltr'><strong>ipaadue</strong></span> <span class='ocrx_word' id='word_1_16' title='bbox 1025 672 1042 713; x_wconf 91' lang='lat' dir='ltr'><strong>s</strong></span> <span class='ocrx_word' id='word_1_17' title='bbox 1063 652 1228 734; x_wconf 80' lang='lat' dir='ltr'><strong>provincia</strong></span> <span class='ocrx_word' id='word_1_18' title='bbox 1248 655 1330 715; x_wconf 89' lang='lat' dir='ltr'><strong>lecta</strong></span> 
     </span>
     <span class='ocr_line' id='line_1_4' title="bbox 305 764 1327 850; baseline 0.002 -22"><span class='ocrx_word' id='word_1_19' title='bbox 305 766 424 830; x_wconf 80' lang='lat' dir='ltr'><strong>auxilia</strong></span> <span class='ocrx_word' id='word_1_20' title='bbox 442 787 503 848; x_wconf 90' lang='lat' dir='ltr'><strong>pro</strong></span> <span class='ocrx_word' id='word_1_21' title='bbox 522 767 593 849; x_wconf 90' lang='lat' dir='ltr'><strong>ripa</strong></span> <span class='ocrx_word' id='word_1_22' title='bbox 611 787 810 850; x_wconf 83' lang='lat' dir='ltr'><strong>componere,</strong></span> <span class='ocrx_word' id='word_1_23' title='bbox 831 764 973 832; x_wconf 87' lang='lat' dir='ltr'><strong>subsidio</strong></span> <span class='ocrx_word' id='word_1_24' title='bbox 993 766 1093 846; x_wconf 75' lang='lat' dir='ltr'><strong>victis,</strong></span> <span class='ocrx_word' id='word_1_25' title='bbox 1117 779 1149 830; x_wconf 90' lang='lat' dir='ltr'><strong>et</strong></span> <span class='ocrx_word' id='word_1_26' title='bbox 1168 779 1327 831; x_wconf 86' lang='lat' dir='ltr'><strong>terrorem</strong></span> 
     </span>
     <span class='ocr_line' id='line_1_5' title="bbox 250 852 1328 966; baseline 0.005 -25"><span class='ocrx_word' id='word_1_27' title='bbox 250 852 262 872; x_wconf 44' lang='lat'>³</span> <span class='ocrx_word' id='word_1_28' title='bbox 305 876 454 946; x_wconf 80' lang='lat' dir='ltr'><strong>adversus</strong></span> <span class='ocrx_word' id='word_1_29' title='bbox 477 879 621 959; x_wconf 72' lang='lat' dir='ltr'><strong>victores,</strong></span> <span class='ocrx_word' id='word_1_30' title='bbox 645 902 687 943; x_wconf 91' lang='lat' dir='ltr'><strong>ne</strong></span> <span class='ocrx_word' id='word_1_31' title='bbox 707 882 839 944; x_wconf 86' lang='lat' dir='ltr'><strong>fortuna</strong></span> <span class='ocrx_word' id='word_1_32' title='bbox 859 881 932 944; x_wconf 88' lang='lat' dir='ltr'><strong>elati</strong></span> <span class='ocrx_word' id='word_1_33' title='bbox 954 892 1094 944; x_wconf 87' lang='lat' dir='ltr'><strong>nostram</strong></span> <span class='ocrx_word' id='word_1_34' title='bbox 1118 902 1246 966; x_wconf 79' lang='lat' dir='ltr'><strong>quoque</strong></span> <span class='ocrx_word' id='word_1_35' title='bbox 1267 904 1328 964; x_wconf 87' lang='lat' dir='ltr'><strong>pa·</strong></span> 
     </span>
    </p>

    <p class='ocr_par' dir='ltr' id='par_1_3' title="bbox 300 992 1326 1651">
     <span class='ocr_line' id='line_1_6' title="bbox 304 992 1326 1080; baseline 0.004 -26"><span class='ocrx_word' id='word_1_36' title='bbox 304 1011 372 1054; x_wconf 83' lang='lat' dir='ltr'><strong>cem</strong></span> <span class='ocrx_word' id='word_1_37' title='bbox 392 994 568 1056; x_wconf 81' lang='lat' dir='ltr'><strong>turbarent.</strong></span> <span class='ocrx_word' id='word_1_38' title='bbox 607 992 690 1057; x_wconf 89' lang='lat' dir='ltr'><strong>Nam</strong></span> <span class='ocrx_word' id='word_1_39' title='bbox 709 994 758 1057; x_wconf 80' lang='lat' dir='ltr'><strong>tis</strong></span> <span class='ocrx_word' id='word_1_40' title='bbox 777 994 952 1074; x_wconf 89' lang='lat' dir='ltr'><strong>innumera,</strong></span> <span class='ocrx_word' id='word_1_41' title='bbox 972 993 1066 1079; x_wconf 83' lang='lat' dir='ltr'><strong>Lygii</strong></span> <span class='ocrx_word' id='word_1_42' title='bbox 1083 996 1225 1080; x_wconf 85' lang='lat' dir='ltr'><strong>aliaeque</strong></span> <span class='ocrx_word' id='word_1_43' title='bbox 1247 1018 1326 1076; x_wconf 83' lang='lat' dir='ltr'><strong>gen-</strong></span> 
     </span>
     <span class='ocr_line' id='line_1_7' title="bbox 303 1103 1323 1192; baseline 0.002 -25"><span class='ocrx_word' id='word_1_44' title='bbox 303 1116 350 1168; x_wconf 90' lang='lat' dir='ltr'><strong>tes</strong></span> <span class='ocrx_word' id='word_1_45' title='bbox 370 1103 580 1170; x_wconf 77' lang='lat' dir='ltr'><strong>adventabant</strong></span> <span class='ocrx_word' id='word_1_46' title='bbox 601 1107 686 1169; x_wconf 83' lang='lat' dir='ltr'><strong>fama</strong></span> <span class='ocrx_word' id='word_1_47' title='bbox 707 1103 779 1170; x_wconf 88' lang='lat' dir='ltr'><strong>ditis</strong></span> <span class='ocrx_word' id='word_1_48' title='bbox 800 1107 909 1188; x_wconf 82' lang='lat' dir='ltr'><strong>regni,</strong></span> <span class='ocrx_word' id='word_1_49' title='bbox 931 1105 1017 1192; x_wconf 89' lang='lat' dir='ltr'><strong>quod</strong></span> <span class='ocrx_word' id='word_1_50' title='bbox 1035 1108 1179 1172; x_wconf 76' lang='lat' dir='ltr'><strong>Vannius</strong></span> <span class='ocrx_word' id='word_1_51' title='bbox 1197 1108 1323 1188; x_wconf 85' lang='lat' dir='ltr'><strong>triginta</strong></span> 
     </span>
     <span class='ocr_line' id='line_1_8' title="bbox 302 1200 1325 1306; baseline 0.003 -23"><span class='ocrx_word' id='word_1_52' title='bbox 302 1241 482 1304; x_wconf 84' lang='lat' dir='ltr'><strong>perennes</strong></span> <span class='ocrx_word' id='word_1_53' title='bbox 505 1220 762 1305; x_wconf 87' lang='lat' dir='ltr'><strong>praedationibus</strong></span> <span class='ocrx_word' id='word_1_54' title='bbox 788 1235 820 1286; x_wconf 88' lang='lat' dir='ltr'><strong>et</strong></span> <span class='ocrx_word' id='word_1_55' title='bbox 846 1222 1048 1306; x_wconf 82' lang='lat' dir='ltr'><strong>vectigalibus</strong></span> <span class='ocrx_word' id='word_1_56' title='bbox 1075 1235 1216 1287; x_wconf 68' lang='lat' dir='ltr'><strong>eluxerat.</strong></span> <span class='ocrx_word' id='word_1_57' title='bbox 1257 1200 1325 1306; x_wconf 77' lang='lat' dir='ltr'><strong>Ipsi</strong></span> 
     </span>
     <span class='ocr_line' id='line_1_9' title="bbox 301 1338 1324 1424; baseline 0.004 -25"><span class='ocrx_word' id='word_1_58' title='bbox 301 1359 414 1401; x_wconf 88' lang='lat' dir='ltr'><strong>manus</strong></span> <span class='ocrx_word' id='word_1_59' title='bbox 454 1340 583 1422; x_wconf 89' lang='lat' dir='ltr'><strong>propria</strong></span> <span class='ocrx_word' id='word_1_60' title='bbox 614 1338 752 1423; x_wconf 86' lang='lat' dir='ltr'><strong>pedites,</strong></span> <span class='ocrx_word' id='word_1_61' title='bbox 794 1361 890 1424; x_wconf 90' lang='lat' dir='ltr'><strong>eques</strong></span> <span class='ocrx_word' id='word_1_62' title='bbox 923 1361 940 1403; x_wconf 87' lang='lat' dir='ltr'><strong>a</strong></span> <span class='ocrx_word' id='word_1_63' title='bbox 974 1340 1123 1404; x_wconf 79' lang='lat' dir='ltr'><strong>Sarmatis</strong></span> <span class='ocrx_word' id='word_1_64' title='bbox 1155 1340 1324 1421; x_wconf 84' lang='lat' dir='ltr'><strong>Jazugibus</strong></span> 
     </span>
     <span class='ocr_line' id='line_1_10' title="bbox 302 1453 1325 1541; baseline 0.004 -28"><span class='ocrx_word' id='word_1_65' title='bbox 302 1465 383 1531; x_wconf 90' lang='lat' dir='ltr'><strong>erat,</strong></span> <span class='ocrx_word' id='word_1_66' title='bbox 415 1454 518 1535; x_wconf 87' lang='lat' dir='ltr'><strong>impar</strong></span> <span class='ocrx_word' id='word_1_67' title='bbox 539 1453 732 1517; x_wconf 85' lang='lat' dir='ltr'><strong>multitudini</strong></span> <span class='ocrx_word' id='word_1_68' title='bbox 752 1454 909 1536; x_wconf 87' lang='lat' dir='ltr'><strong>hostium,</strong></span> <span class='ocrx_word' id='word_1_69' title='bbox 938 1476 1040 1541; x_wconf 89' lang='lat' dir='ltr'><strong>eoque</strong></span> <span class='ocrx_word' id='word_1_70' title='bbox 1063 1476 1130 1520; x_wconf 88' lang='lat' dir='ltr'><strong>sese</strong></span> <span class='ocrx_word' id='word_1_71' title='bbox 1159 1453 1325 1520; x_wconf 85' lang='lat' dir='ltr'><strong>defensare</strong></span> 
     </span>
     <span class='ocr_line' id='line_1_11' title="bbox 300 1565 797 1651; baseline 0.014 -24"><span class='ocrx_word' id='word_1_72' title='bbox 300 1566 484 1651; x_wconf 85' lang='lat' dir='ltr'><strong>bellumque</strong></span> <span class='ocrx_word' id='word_1_73' title='bbox 505 1565 619 1633; x_wconf 88' lang='lat' dir='ltr'><strong>ducere</strong></span> <span class='ocrx_word' id='word_1_74' title='bbox 639 1583 797 1635; x_wconf 76' lang='lat' dir='ltr'><strong>statuerat.</strong></span> 
     </span>
    </p>

    <p class='ocr_par' dir='ltr' id='par_1_4' title="bbox 201 1678 1323 2800">
     <span class='ocr_line' id='line_1_12' title="bbox 201 1678 1323 1768; baseline 0.011 -32"><span class='ocrx_word' id='word_1_75' title='bbox 201 1684 287 1750; x_wconf 62' lang='lat'><strong>12³0</strong></span> <span class='ocrx_word' id='word_1_76' title='bbox 384 1678 447 1743; x_wconf 86' lang='lat' dir='ltr'><strong>Sed</strong></span> <span class='ocrx_word' id='word_1_77' title='bbox 478 1681 610 1763; x_wconf 82' lang='lat' dir='ltr'><strong>lanugss</strong></span> <span class='ocrx_word' id='word_1_78' title='bbox 642 1681 817 1747; x_wconf 81' lang='lat' dir='ltr'><strong>obsidionis</strong></span> <span class='ocrx_word' id='word_1_79' title='bbox 849 1682 1046 1768; x_wconf 84' lang='lat' dir='ltr'><strong>impatientes</strong></span> <span class='ocrx_word' id='word_1_80' title='bbox 1085 1694 1118 1747; x_wconf 89' lang='lat' dir='ltr'><strong>et</strong></span> <span class='ocrx_word' id='word_1_81' title='bbox 1157 1682 1323 1766; x_wconf 84' lang='lat' dir='ltr'><strong>proximos</strong></span> 
     </span>
     <span class='ocr_line' id='line_1_13' title="bbox 299 1794 1323 1879; baseline 0.006 -26"><span class='ocrx_word' id='word_1_82' title='bbox 299 1812 359 1873; x_wconf 89' lang='lat' dir='ltr'><strong>per</strong></span> <span class='ocrx_word' id='word_1_83' title='bbox 383 1814 509 1876; x_wconf 88' lang='lat' dir='ltr'><strong>campos</strong></span> <span class='ocrx_word' id='word_1_84' title='bbox 533 1796 605 1874; x_wconf 75' lang='lat' dir='ltr'><strong>uagi</strong></span> <span class='ocrx_word' id='word_1_85' title='bbox 633 1794 895 1859; x_wconf 89' lang='lat' dir='ltr'><strong>necessitudinem</strong></span> <span class='ocrx_word' id='word_1_86' title='bbox 915 1817 1039 1879; x_wconf 87' lang='lat' dir='ltr'><strong>pugnae</strong></span> <span class='ocrx_word' id='word_1_87' title='bbox 1065 1797 1214 1877; x_wconf 84' lang='lat' dir='ltr'><strong>attulere,</strong></span> <span class='ocrx_word' id='word_1_88' title='bbox 1246 1796 1323 1879; x_wconf 87' lang='lat' dir='ltr'><strong>qnia</strong></span> 
     </span>
     <span class='ocr_line' id='line_1_14' title="bbox 298 1905 1323 1994; baseline 0.006 -24"><span class='ocrx_word' id='word_1_89' title='bbox 298 1906 418 1991; x_wconf 76' lang='lat' dir='ltr'><strong>Lygius</strong></span> <span class='ocrx_word' id='word_1_90' title='bbox 439 1908 746 1994; x_wconf 85' lang='lat' dir='ltr'><strong>Hermundurusque</strong></span> <span class='ocrx_word' id='word_1_91' title='bbox 766 1909 830 1973; x_wconf 90' lang='lat' dir='ltr'><strong>illic</strong></span> <span class='ocrx_word' id='word_1_92' title='bbox 850 1905 1043 1993; x_wconf 84' lang='lat' dir='ltr'><strong>ingruerant.</strong></span> <span class='ocrx_word' id='word_1_93' title='bbox 1084 1911 1183 1992; x_wconf 82' lang='lat' dir='ltr'><strong>Igitur</strong></span> <span class='ocrx_word' id='word_1_94' title='bbox 1204 1909 1323 1993; x_wconf 81' lang='lat' dir='ltr'><strong>digres-</strong></span> 
     </span>
     <span class='ocr_line' id='line_1_15' title="bbox 298 2025 1322 2112; baseline 0.003 -24"><span class='ocrx_word' id='word_1_95' title='bbox 298 2045 353 2089; x_wconf 87' lang='lat' dir='ltr'><strong>sus</strong></span> <span class='ocrx_word' id='word_1_96' title='bbox 377 2025 508 2088; x_wconf 85' lang='lat' dir='ltr'><strong>castellis</strong></span> <span class='ocrx_word' id='word_1_97' title='bbox 529 2026 673 2090; x_wconf 85' lang='lat' dir='ltr'><strong>Vannius</strong></span> <span class='ocrx_word' id='word_1_98' title='bbox 694 2025 839 2091; x_wconf 80' lang='lat' dir='ltr'><strong>fundinrr</strong></span> <span class='ocrx_word' id='word_1_99' title='bbox 858 2027 999 2110; x_wconf 85' lang='lat' dir='ltr'><strong>proelio,</strong></span> <span class='ocrx_word' id='word_1_100' title='bbox 1021 2048 1203 2112; x_wconf 84' lang='lat' dir='ltr'><strong>quanquam</strong></span> <span class='ocrx_word' id='word_1_101' title='bbox 1224 2029 1322 2091; x_wconf 87' lang='lat' dir='ltr'><strong>rebus</strong></span> 
     </span>
     <span class='ocr_line' id='line_1_16' title="bbox 299 2135 1321 2224; baseline 0.001 -21"><span class='ocrx_word' id='word_1_102' title='bbox 299 2138 454 2220; x_wconf 82' lang='lat' dir='ltr'><strong>adversis,</strong></span> <span class='ocrx_word' id='word_1_103' title='bbox 483 2138 635 2204; x_wconf 48' lang='lat' dir='ltr'><strong>laudatus&lt;</strong></span> <span class='ocrx_word' id='word_1_104' title='bbox 657 2135 745 2224; x_wconf 89' lang='lat' dir='ltr'><strong>quod</strong></span> <span class='ocrx_word' id='word_1_105' title='bbox 774 2152 806 2203; x_wconf 93' lang='lat' dir='ltr'><strong>et</strong></span> <span class='ocrx_word' id='word_1_106' title='bbox 833 2162 972 2224; x_wconf 85' lang='lat' dir='ltr'><strong>pugnam</strong></span> <span class='ocrx_word' id='word_1_107' title='bbox 1000 2160 1097 2202; x_wconf 87' lang='lat' dir='ltr'><strong>manu</strong></span> <span class='ocrx_word' id='word_1_108' title='bbox 1120 2140 1263 2223; x_wconf 87' lang='lat' dir='ltr'><strong>capessiit</strong></span> <span class='ocrx_word' id='word_1_109' title='bbox 1288 2153 1321 2204; x_wconf 91' lang='lat' dir='ltr'><strong>et</strong></span> 
     </span>
     <span class='ocr_line' id='line_1_17' title="bbox 298 2250 1321 2336; baseline 0.003 -23"><span class='ocrx_word' id='word_1_110' title='bbox 298 2272 431 2336; x_wconf 87' lang='lat' dir='ltr'><strong>corpore</strong></span> <span class='ocrx_word' id='word_1_111' title='bbox 445 2250 577 2317; x_wconf 85' lang='lat' dir='ltr'><strong>adverso</strong></span> <span class='ocrx_word' id='word_1_112' title='bbox 596 2253 730 2319; x_wconf 75' lang='lat' dir='ltr'><strong>uulnera</strong></span> <span class='ocrx_word' id='word_1_113' title='bbox 751 2252 884 2336; x_wconf 82' lang='lat' dir='ltr'><strong>excepit.</strong></span> <span class='ocrx_word' id='word_1_114' title='bbox 918 2264 1057 2321; x_wconf 87' lang='lat' dir='ltr'><strong>ceterum</strong></span> <span class='ocrx_word' id='word_1_115' title='bbox 1078 2253 1118 2317; x_wconf 91' lang='lat' dir='ltr'><strong>ad</strong></span> <span class='ocrx_word' id='word_1_116' title='bbox 1135 2256 1265 2318; x_wconf 85' lang='lat' dir='ltr'><strong>classem</strong></span> <span class='ocrx_word' id='word_1_117' title='bbox 1283 2254 1321 2316; x_wconf 92' lang='lat' dir='ltr'><strong>in</strong></span> 
     </span>
     <span class='ocr_line' id='line_1_18' title="bbox 298 2368 1322 2453; baseline 0.003 -23"><span class='ocrx_word' id='word_1_118' title='bbox 298 2368 451 2435; x_wconf 87' lang='lat' dir='ltr'><strong>Danubio</strong></span> <span class='ocrx_word' id='word_1_119' title='bbox 478 2369 692 2453; x_wconf 84' lang='lat' dir='ltr'><strong>opperientem</strong></span> <span class='ocrx_word' id='word_1_120' title='bbox 720 2369 874 2453; x_wconf 80' lang='lat' dir='ltr'><strong>perfugit3</strong></span> <span class='ocrx_word' id='word_1_121' title='bbox 907 2370 1005 2435; x_wconf 89' lang='lat' dir='ltr'><strong>secuti</strong></span> <span class='ocrx_word' id='word_1_122' title='bbox 1033 2392 1110 2436; x_wconf 87' lang='lat' dir='ltr'><strong>mox</strong></span> <span class='ocrx_word' id='word_1_123' title='bbox 1139 2371 1265 2436; x_wconf 85' lang='lat' dir='ltr'><strong>clientes</strong></span> <span class='ocrx_word' id='word_1_124' title='bbox 1288 2380 1322 2434; x_wconf 91' lang='lat' dir='ltr'><strong>et</strong></span> 
     </span>
     <span class='ocr_line' id='line_1_19' title="bbox 296 2470 1319 2568; baseline 0 -20"><span class='ocrx_word' id='word_1_125' title='bbox 296 2482 430 2568; x_wconf 82' lang='lat' dir='ltr'><strong>acceptis</strong></span> <span class='ocrx_word' id='word_1_126' title='bbox 450 2485 532 2566; x_wconf 83' lang='lat' dir='ltr'><strong>agris</strong></span> <span class='ocrx_word' id='word_1_127' title='bbox 552 2486 586 2548; x_wconf 92' lang='lat' dir='ltr'><strong>in</strong></span> <span class='ocrx_word' id='word_1_128' title='bbox 606 2486 773 2550; x_wconf 88' lang='lat' dir='ltr'><strong>Pannonia</strong></span> <span class='ocrx_word' id='word_1_129' title='bbox 792 2486 887 2550; x_wconf 88' lang='lat' dir='ltr'><strong>locati</strong></span> <span class='ocrx_word' id='word_1_130' title='bbox 907 2499 989 2548; x_wconf 82' lang='lat' dir='ltr'><strong>sunt.</strong></span> <span class='ocrx_word' id='word_1_131' title='bbox 1030 2470 1319 2567; x_wconf 40' lang='lat' dir='ltr'><strong>Regnum&#39;Vangio</strong></span> 
     </span>
     <span class='ocr_line' id='line_1_20' title="bbox 296 2595 1317 2681; baseline 0.002 -20"><span class='ocrx_word' id='word_1_132' title='bbox 296 2619 333 2661; x_wconf 89' lang='lat' dir='ltr'><strong>ac</strong></span> <span class='ocrx_word' id='word_1_133' title='bbox 353 2595 431 2662; x_wconf 85' lang='lat' dir='ltr'><strong>Sido</strong></span> <span class='ocrx_word' id='word_1_134' title='bbox 452 2598 536 2662; x_wconf 87' lang='lat' dir='ltr'><strong>inter</strong></span> <span class='ocrx_word' id='word_1_135' title='bbox 563 2619 597 2662; x_wconf 90' lang='lat' dir='ltr'><strong>se</strong></span> <span class='ocrx_word' id='word_1_136' title='bbox 623 2599 798 2681; x_wconf 69' lang='lat' dir='ltr'><strong>perticere,</strong></span> <span class='ocrx_word' id='word_1_137' title='bbox 829 2600 952 2680; x_wconf 81' lang='lat' dir='ltr'><strong>egregia</strong></span> <span class='ocrx_word' id='word_1_138' title='bbox 979 2598 1128 2664; x_wconf 86' lang='lat' dir='ltr'><strong>adversus</strong></span> <span class='ocrx_word' id='word_1_139' title='bbox 1156 2620 1216 2663; x_wconf 90' lang='lat' dir='ltr'><strong>nos</strong></span> <span class='ocrx_word' id='word_1_140' title='bbox 1243 2597 1317 2679; x_wconf 85' lang='lat' dir='ltr'><strong>lide,</strong></span> 
     </span>
     <span class='ocr_line' id='line_1_21' title="bbox 295 2714 1319 2800; baseline 0.002 -22"><span class='ocrx_word' id='word_1_141' title='bbox 295 2714 459 2793; x_wconf 81' lang='lat' dir='ltr'><strong>subiectis,</strong></span> <span class='ocrx_word' id='word_1_142' title='bbox 481 2722 580 2778; x_wconf 85' lang='lat' dir='ltr'><strong>suone</strong></span> <span class='ocrx_word' id='word_1_143' title='bbox 601 2737 642 2778; x_wconf 93' lang='lat' dir='ltr'><strong>an</strong></span> <span class='ocrx_word' id='word_1_144' title='bbox 664 2715 784 2779; x_wconf 84' lang='lat' dir='ltr'><strong>servitii</strong></span> <span class='ocrx_word' id='word_1_145' title='bbox 803 2715 947 2795; x_wconf 85' lang='lat' dir='ltr'><strong>ingenio,</strong></span> <span class='ocrx_word' id='word_1_146' title='bbox 973 2715 1050 2780; x_wconf 92' lang='lat' dir='ltr'><strong>dum</strong></span> <span class='ocrx_word' id='word_1_147' title='bbox 1070 2716 1319 2800; x_wconf 84' lang='lat' dir='ltr'><strong>adipiscerentur</strong></span> 
     </span>
    </p>

    <p class='ocr_par' dir='ltr' id='par_1_5' title="bbox 211 2823 1319 3023">
     <span class='ocr_line' id='line_1_22' title="bbox 211 2823 1319 2915; baseline 0.004 -25"><span class='ocrx_word' id='word_1_148' title='bbox 211 2872 222 2890; x_wconf 83' lang='lat'><strong>.</strong></span> <span class='ocrx_word' id='word_1_149' title='bbox 294 2823 538 2908; x_wconf 87' lang='lat' dir='ltr'><strong>dominationes,</strong></span> <span class='ocrx_word' id='word_1_150' title='bbox 560 2827 660 2890; x_wconf 88' lang='lat' dir='ltr'><strong>multa</strong></span> <span class='ocrx_word' id='word_1_151' title='bbox 682 2829 823 2906; x_wconf 86' lang='lat' dir='ltr'><strong>caritate,</strong></span> <span class='ocrx_word' id='word_1_152' title='bbox 845 2840 877 2891; x_wconf 90' lang='lat' dir='ltr'><strong>et</strong></span> <span class='ocrx_word' id='word_1_153' title='bbox 895 2832 1015 2908; x_wconf 83' lang='lat' dir='ltr'><strong>majore</strong></span> <span class='ocrx_word' id='word_1_154' title='bbox 1035 2828 1125 2910; x_wconf 86' lang='lat' dir='ltr'><strong>odio,</strong></span> <span class='ocrx_word' id='word_1_155' title='bbox 1146 2845 1319 2915; x_wconf 87' lang='lat' dir='ltr'><strong>postquam</strong></span> 
     </span>
     <span class='ocr_line' id='line_1_23' title="bbox 293 2936 1033 3023; baseline 0.004 -21"><span class='ocrx_word' id='word_1_156' title='bbox 293 2936 400 3023; x_wconf 86' lang='lat' dir='ltr'><strong>adepti</strong></span> <span class='ocrx_word' id='word_1_157' title='bbox 420 2954 504 3005; x_wconf 87' lang='lat' dir='ltr'><strong>sunt.</strong></span> <span class='ocrx_word' id='word_1_158' title='bbox 1029 2950 1033 2957; x_wconf 83' lang='lat'>&#39;</span> 
     </span>
    </p>

    <p class='ocr_par' dir='ltr' id='par_1_6' title="bbox 196 3053 1358 3481">
     <span class='ocr_line' id='line_1_24' title="bbox 196 3053 1358 3143; baseline -0.002 -21"><span class='ocrx_word' id='word_1_159' title='bbox 196 3053 284 3122; x_wconf 58' lang='lat'><strong>¹2⁴⁰</strong></span> <span class='ocrx_word' id='word_1_160' title='bbox 382 3090 423 3119; x_wconf 85' lang='grc'><strong>.·.</strong></span> <span class='ocrx_word' id='word_1_161' title='bbox 444 3099 454 3120; x_wconf 91' lang='grc'><strong>.</strong></span> <span class='ocrx_word' id='word_1_162' title='bbox 478 3077 514 3119; x_wconf 86' lang='lat' dir='ltr'><strong>ac</strong></span> <span class='ocrx_word' id='word_1_163' title='bbox 534 3054 703 3140; x_wconf 85' lang='lat' dir='ltr'><strong>praecipua</strong></span> <span class='ocrx_word' id='word_1_164' title='bbox 725 3055 867 3122; x_wconf 86' lang='lat' dir='ltr'><strong>Silurum</strong></span> <span class='ocrx_word' id='word_1_165' title='bbox 887 3057 1079 3142; x_wconf 76' lang='lat' dir='ltr'><strong>pervicacia,</strong></span> <span class='ocrx_word' id='word_1_166' title='bbox 1102 3078 1182 3143; x_wconf 87' lang='lat' dir='ltr'><strong>quos</strong></span> <span class='ocrx_word' id='word_1_167' title='bbox 1207 3078 1317 3122; x_wconf 90' lang='lat' dir='ltr'><strong>accen·</strong></span> <span class='ocrx_word' id='word_1_168' title='bbox 1357 3112 1358 3115; x_wconf 67' lang='grc'>,</span> 
     </span>
     <span class='ocr_line' id='line_1_25' title="bbox 295 3164 1316 3257; baseline 0.003 -27"><span class='ocrx_word' id='word_1_169' title='bbox 295 3164 389 3230; x_wconf 91' lang='lat' dir='ltr'><strong>debat</strong></span> <span class='ocrx_word' id='word_1_170' title='bbox 408 3171 534 3249; x_wconf 84' lang='lat' dir='ltr'><strong>vulgata</strong></span> <span class='ocrx_word' id='word_1_171' title='bbox 554 3169 754 3252; x_wconf 88' lang='lat' dir='ltr'><strong>imperatoris</strong></span> <span class='ocrx_word' id='word_1_172' title='bbox 774 3170 899 3236; x_wconf 90' lang='lat' dir='ltr'><strong>romani</strong></span> <span class='ocrx_word' id='word_1_173' title='bbox 921 3193 996 3251; x_wconf 80' lang='lat' dir='ltr'><strong>vox,</strong></span> <span class='ocrx_word' id='word_1_174' title='bbox 1016 3185 1053 3235; x_wconf 88' lang='lat' dir='ltr'><strong>ut</strong></span> <span class='ocrx_word' id='word_1_175' title='bbox 1073 3170 1234 3257; x_wconf 86' lang='lat' dir='ltr'><strong>quondam</strong></span> <span class='ocrx_word' id='word_1_176' title='bbox 1253 3169 1316 3234; x_wconf 87' lang='lat' dir='ltr'><strong>Su·</strong></span> 
     </span>
     <span class='ocr_line' id='line_1_26' title="bbox 293 3282 1317 3368; baseline 0.003 -22"><span class='ocrx_word' id='word_1_177' title='bbox 293 3284 413 3364; x_wconf 82' lang='lat' dir='ltr'><strong>gambri</strong></span> <span class='ocrx_word' id='word_1_178' title='bbox 433 3282 530 3347; x_wconf 88' lang='lat' dir='ltr'><strong>excisi</strong></span> <span class='ocrx_word' id='word_1_179' title='bbox 551 3285 658 3349; x_wconf 90' lang='lat' dir='ltr'><strong>autin</strong></span> <span class='ocrx_word' id='word_1_180' title='bbox 681 3286 799 3349; x_wconf 86' lang='lat' dir='ltr'><strong>Gallias</strong></span> <span class='ocrx_word' id='word_1_181' title='bbox 820 3286 940 3366; x_wconf 86' lang='lat' dir='ltr'><strong>trajecti</strong></span> <span class='ocrx_word' id='word_1_182' title='bbox 959 3288 1082 3368; x_wconf 83' lang='lat' dir='ltr'><strong>forent,</strong></span> <span class='ocrx_word' id='word_1_183' title='bbox 1108 3289 1152 3352; x_wconf 88' lang='lat' dir='ltr'><strong>ita</strong></span> <span class='ocrx_word' id='word_1_184' title='bbox 1174 3287 1317 3352; x_wconf 84' lang='lat' dir='ltr'><strong>Silurum</strong></span> 
     </span>
     <span class='ocr_line' id='line_1_27' title="bbox 291 3398 849 3481; baseline 0.005 -21"><span class='ocrx_word' id='word_1_185' title='bbox 291 3418 409 3462; x_wconf 89' lang='lat' dir='ltr'><strong>nomen</strong></span> <span class='ocrx_word' id='word_1_186' title='bbox 430 3399 556 3481; x_wconf 88' lang='lat' dir='ltr'><strong>penitus</strong></span> <span class='ocrx_word' id='word_1_187' title='bbox 577 3398 849 3481; x_wconf 82' lang='lat' dir='ltr'><strong>exstinguendum.</strong></span> 
     </span>
    </p>

    <p class='ocr_par' dir='ltr' id='par_1_7' title="bbox 187 3509 1317 3936">
     <span class='ocr_line' id='line_1_28' title="bbox 187 3509 1314 3598; baseline -0.005 -21"><span class='ocrx_word' id='word_1_188' title='bbox 187 3516 231 3579; x_wconf 76' lang='lat'><strong>¹³,</strong></span> <span class='ocrx_word' id='word_1_189' title='bbox 241 3515 275 3566; x_wconf 76' lang='lat'><strong>1⁸</strong></span> <span class='ocrx_word' id='word_1_190' title='bbox 375 3509 419 3598; x_wconf 91' lang='lat' dir='ltr'><strong>(a.</strong></span> <span class='ocrx_word' id='word_1_191' title='bbox 440 3510 496 3597; x_wconf 80' lang='lat'><strong>⁵5)</strong></span> <span class='ocrx_word' id='word_1_192' title='bbox 524 3513 689 3596; x_wconf 83' lang='lat' dir='ltr'><strong>Cognitum</strong></span> <span class='ocrx_word' id='word_1_193' title='bbox 713 3512 748 3577; x_wconf 91' lang='lat' dir='ltr'><strong>id</strong></span> <span class='ocrx_word' id='word_1_194' title='bbox 767 3512 905 3589; x_wconf 89' lang='lat' dir='ltr'><strong>Neroni,</strong></span> <span class='ocrx_word' id='word_1_195' title='bbox 933 3511 1143 3595; x_wconf 87' lang='lat' dir='ltr'><strong>excubiasque</strong></span> <span class='ocrx_word' id='word_1_196' title='bbox 1162 3509 1314 3575; x_wconf 87' lang='lat' dir='ltr'><strong>militares</strong></span> 
     </span>
     <span class='ocr_line' id='line_1_29' title="bbox 292 3627 1317 3712; baseline -0.003 -24"><span class='ocrx_word' id='word_1_197' title='bbox 292 3646 383 3710; x_wconf 84' lang='lat' dir='ltr'><strong>quae,</strong></span> <span class='ocrx_word' id='word_1_198' title='bbox 403 3641 439 3691; x_wconf 90' lang='lat' dir='ltr'><strong>ut</strong></span> <span class='ocrx_word' id='word_1_199' title='bbox 453 3627 577 3709; x_wconf 76' lang='lat' dir='ltr'><strong>conjugi</strong></span> <span class='ocrx_word' id='word_1_200' title='bbox 600 3629 799 3712; x_wconf 87' lang='lat' dir='ltr'><strong>imperatoris</strong></span> <span class='ocrx_word' id='word_1_201' title='bbox 820 3627 956 3705; x_wconf 80' lang='lat' dir='ltr'><strong>solitum,</strong></span> <span class='ocrx_word' id='word_1_202' title='bbox 977 3640 1014 3689; x_wconf 93' lang='lat' dir='ltr'><strong>ut</strong></span> <span class='ocrx_word' id='word_1_203' title='bbox 1032 3627 1125 3689; x_wconf 86' lang='lat' dir='ltr'><strong>matri</strong></span> <span class='ocrx_word' id='word_1_204' title='bbox 1144 3628 1317 3689; x_wconf 81' lang='lat' dir='ltr'><strong>servaban-</strong></span> 
     </span>
     <span class='ocr_line' id='line_1_30' title="bbox 290 3737 1314 3826; baseline -0.002 -22"><span class='ocrx_word' id='word_1_205' title='bbox 290 3753 360 3821; x_wconf 88' lang='lat' dir='ltr'><strong>tur,</strong></span> <span class='ocrx_word' id='word_1_206' title='bbox 391 3755 421 3805; x_wconf 88' lang='lat' dir='ltr'><strong>et</strong></span> <span class='ocrx_word' id='word_1_207' title='bbox 442 3741 617 3806; x_wconf 88' lang='lat' dir='ltr'><strong>Germanos</strong></span> <span class='ocrx_word' id='word_1_208' title='bbox 641 3763 738 3826; x_wconf 88' lang='lat' dir='ltr'><strong>super</strong></span> <span class='ocrx_word' id='word_1_209' title='bbox 763 3739 899 3806; x_wconf 89' lang='lat' dir='ltr'><strong>eundem</strong></span> <span class='ocrx_word' id='word_1_210' title='bbox 918 3742 1072 3810; x_wconf 87' lang='lat' dir='ltr'><strong>honorem</strong></span> <span class='ocrx_word' id='word_1_211' title='bbox 1093 3739 1235 3804; x_wconf 86' lang='lat' dir='ltr'><strong>custodes</strong></span> <span class='ocrx_word' id='word_1_212' title='bbox 1258 3737 1314 3802; x_wconf 93' lang='lat' dir='ltr'><strong>ad·</strong></span> 
     </span>
     <span class='ocr_line' id='line_1_31' title="bbox 290 3853 630 3936; baseline -0.003 -18"><span class='ocrx_word' id='word_1_213' title='bbox 290 3853 371 3919; x_wconf 88' lang='lat' dir='ltr'><strong>ditos</strong></span> <span class='ocrx_word' id='word_1_214' title='bbox 394 3853 512 3936; x_wconf 80' lang='lat' dir='ltr'><strong>digredi</strong></span> <span class='ocrx_word' id='word_1_215' title='bbox 531 3857 630 3933; x_wconf 86' lang='lat' dir='ltr'><strong>jubet.</strong></span> 
     </span>
    </p>

    <p class='ocr_par' dir='ltr' id='par_1_8' title="bbox 188 3964 1310 4052">
     <span class='ocr_line' id='line_1_32' title="bbox 188 3964 1310 4052; baseline 0.004 -29"><span class='ocrx_word' id='word_1_216' title='bbox 188 3976 272 4039; x_wconf 63' lang='lat' dir='ltr'><strong>tate</strong></span> <span class='ocrx_word' id='word_1_217' title='bbox 374 3966 418 4052; x_wconf 88' lang='lat' dir='ltr'><strong>(a.</strong></span> <span class='ocrx_word' id='word_1_218' title='bbox 441 3965 497 4052; x_wconf 85' lang='lat'><strong>58)</strong></span> <span class='ocrx_word' id='word_1_219' title='bbox 529 3967 661 4046; x_wconf 85' lang='lat' dir='ltr'><strong>Quietae</strong></span> <span class='ocrx_word' id='word_1_220' title='bbox 693 3965 734 4030; x_wconf 89' lang='lat' dir='ltr'><strong>ad</strong></span> <span class='ocrx_word' id='word_1_221' title='bbox 767 3966 801 4030; x_wconf 92' lang='lat' dir='ltr'><strong>id</strong></span> <span class='ocrx_word' id='word_1_222' title='bbox 835 3980 958 4049; x_wconf 88' lang='lat' dir='ltr'><strong>tempus</strong></span> <span class='ocrx_word' id='word_1_223' title='bbox 991 3985 1042 4029; x_wconf 89' lang='lat' dir='ltr'><strong>res</strong></span> <span class='ocrx_word' id='word_1_224' title='bbox 1072 3965 1108 4028; x_wconf 88' lang='lat' dir='ltr'><strong>in</strong></span> <span class='ocrx_word' id='word_1_225' title='bbox 1126 3964 1310 4038; x_wconf 67' lang='lat' dir='ltr'><strong>{Germania</strong></span> 
     </span>
    </p>
   </div>
   <div class='ocr_carea' id='block_1_3' title="bbox 289 4082 1309 4168">
    <p class='ocr_par' dir='ltr' id='par_1_9' title="bbox 289 4082 1309 4168">
     <span class='ocr_line' id='line_1_33' title="bbox 289 4082 1309 4168; baseline -0.001 -20"><span class='ocrx_word' id='word_1_226' title='bbox 289 4086 415 4149; x_wconf 87' lang='lat' dir='ltr'><strong>fuerant</strong></span> <span class='ocrx_word' id='word_1_227' title='bbox 436 4084 562 4166; x_wconf 78' lang='lat' dir='ltr'><strong>ingenio</strong></span> <span class='ocrx_word' id='word_1_228' title='bbox 583 4082 709 4164; x_wconf 86' lang='lat' dir='ltr'><strong>ducum,</strong></span> <span class='ocrx_word' id='word_1_229' title='bbox 731 4083 788 4168; x_wconf 89' lang='lat' dir='ltr'><strong>qui</strong></span> <span class='ocrx_word' id='word_1_230' title='bbox 805 4082 993 4166; x_wconf 76' lang='lat' dir='ltr'><strong>pervulgatis</strong></span> <span class='ocrx_word' id='word_1_231' title='bbox 1008 4082 1159 4168; x_wconf 87' lang='lat' dir='ltr'><strong>triumphi</strong></span> <span class='ocrx_word' id='word_1_232' title='bbox 1177 4082 1309 4165; x_wconf 80' lang='lat' dir='ltr'><strong>insigni·</strong></span> 
     </span>
    </p>
   </div>
   <div class='ocr_carea' id='block_1_4' title="bbox 0 0 1480 4775">
    <p class='ocr_par' dir='ltr' id='par_1_10' title="bbox 0 0 1480 4775">
     <span class='ocr_line' id='line_1_34' title="bbox 0 0 1480 4775; baseline 0 6"><span class='ocrx_word' id='word_1_233' title='bbox 0 0 1480 4775; x_wconf 95' lang='lat' dir='ltr'><strong> </strong></span> 
     </span>
    </p>
   </div>
  </div>
 </body>
</html>
