2950 4775
266 295 392 425 ’ὶίόᾶ
656 353 719 422 nx
741 351 977 425 msnonns

314 534 375 594 bus
404 525 470 591 deis
490 537 529 591 ,et
549 528 719 612 praecipuo
743 528 874 595 deorum
895 529 993 595 Marti
1013 540 1113 611 grates
1136 523 1254 608 agimus
1277 542 1343 588 vo·

315 648 428 731 bisque
461 648 669 728 gratulamur,
704 644 792 732 quod
820 643 949 709 tandem
981 644 1074 709 liberi
1104 643 1188 707 inter
1214 643 1343 704 liberos

317 761 413 824 eritis.
453 781 527 823 nam
550 757 588 823 ad
611 760 698 838 hunc
719 758 804 823 diem
823 757 955 821 flumina
982 779 1017 820 ac
1036 769 1136 820 terras
1159 767 1190 819 et
1211 755 1344 817 coelum

317 870 550 958 quodammodo
581 872 684 955 ipsum
715 875 893 935 clauserant
922 868 1075 949 Romani,
1111 881 1148 931 ut
1177 866 1343 950 colloquia

317 1009 564 1073 congressusque
582 1002 706 1053 nostros
726 999 877 1067 arcerent,
896 988 957 1065 vel,
977 986 1063 1070 quod
1080 983 1343 1049 contumeliosius

319 1116 366 1166 cst
394 1102 470 1167 viris
499 1101 540 1165 ad
569 1124 657 1164 arma
686 1102 784 1181 natis,
812 1101 948 1164 inermes
977 1123 1012 1164 ac
1039 1122 1140 1184 prope
1167 1097 1247 1162 nudi
1277 1100 1342 1162 sub

318 1215 448 1282 custode
478 1229 508 1280 et
531 1218 638 1300 ‚pretio
666 1217 831 1281 coiremus.
872 1214 935 1284 Sed
963 1228 1000 1279 ut
1027 1214 1161 1279 amicitia
1192 1212 1342 1276 societas·

320 1355 382 1418 que
409 1347 517 1396 nostra
547 1335 582 1396 in
612 1346 775 1397 aeternum
802 1347 870 1396 rata
902 1335 964 1397 sint
990 1324 1183 1416 postulamus
1206 1353 1225 1393 a
1246 1330 1341 1395 vobIs

318 1468 427 1512 muros
451 1448 611 1527 coloniae,
639 1451 834 1514 munimenta
850 1440 997 1529 servitii,
1026 1445 1212 1512 detrahatis:
1243 1448 1341 1509 etiam

318 1564 388 1625 fera
408 1562 572 1640 animalia,
605 1563 632 1625 si
660 1565 765 1627 clausa
792 1576 918 1642 teneas,
947 1561 1069 1628 virtutis
1100 1561 1341 1624 obliviscuntur.

318 1675 482 1738 Romanus
510 1695 619 1739 omnes
640 1675 673 1737 in
695 1675 813 1739 finibus
842 1678 955 1740 reatris
976 1674 1154 1738 trucidetis:
1184 1669 1269 1736 haud
1290 1673 1343 1734 fa·

320 1790 378 1853 sile
398 1789 526 1851 libertas
548 1800 580 1851 et
601 1785 721 1850 domini
739 1788 926 1869 miscentur,
947 1790 1032 1850 bona
1052 1787 1286 1850 interfectorum
1304 1785 1343 1847 in

318 1900 458 1964 medium
480 1899 609 1983 cedant,
639 1906 772 1987 nequis
801 1906 943 1968 occulere
964 1901 1137 1987 quidquam
1162 1913 1217 1964 aut
1237 1922 1343 1982 segre-

320 2035 392 2095 gare
414 2035 538 2078 causam
560 2036 648 2078 suam
668 2018 777 2099 possit.
820 2016 928 2083 Liceat
944 2010 1035 2080 nobis
1052 2018 1207 2102 vobisque
1222 2029 1344 2078 utram·

320 2148 383 2211 que
403 2128 505 2210 ripam
526 2130 642 2208 colere,
663 2141 700 2192 ut
723 2129 798 2192 olim
819 2131 990 2210 majoribus
1011 2130 1137 2195 nostris.
1180 2125 1344 2214 quomodo

319 2243 422 2305 lucem
450 2242 596 2329 diemque
628 2244 775 2307 omnibus
804 2246 1003 2324 hominibus,
1033 2246 1078 2308 ita
1107 2263 1215 2309 omnes
1240 2256 1344 2307 terras

320 2359 456 2422 fortibus
483 2359 560 2450 viris
587 2373 702 2424 natura
725 2362 858 2444 aperuit.
901 2362 1047 2426 instituta
1082 2363 1261 2445 cultumque
1286 2379 1348 2441 pa-

320 2475 417 2539 trium
439 2476 608 2557 resumite,
638 2478 779 2558 abruptis
805 2479 1038 2561 voluptatibus,
1069 2469 1191 2564 quibus⁴
1206 2477 1347 2541 Romani

321 2589 394 2669 plus
425 2587 574 2653 adversus
608 2592 763 2671 subjectos
792 2613 887 2676 quam
915 2595 1010 2658 armis
1038 2587 1170 2661 valent(
1199 2593 1346 2657 sincerus

323 2715 355 2764 et
381 2704 501 2784 integer
530 2718 561 2768 et
587 2706 743 2769 servitutis
773 2707 888 2772 oblitus
917 2705 1055 2793 populus
1075 2715 1141 2787 taut
1169 2728 1210 2771 ex
1239 2726 1345 2791 aequo

323 2821 417 2899 agetis
438 2830 493 2881 aut
513 2820 581 2886 aliis
603 2820 839 2903 imperitnbitis.’

235 2938 264 3002 4,
273 2939 309 2990 65
405 2932 648 3014 Agrippinenses
677 2948 803 3016 sumpto
834 2933 1032 2999 consultandi
1063 2936 1181 3018 spatio,
1215 2931 1346 3020 quando

323 3069 427 3132 neque
461 3050 568 3113 subire
601 3049 801 3114 condiciones
834 3062 936 3113 metus
968 3052 1068 3115 futuri
1101 3075 1205 3137 neque
1237 3056 1347 3136 palam

324 3166 486 3246 aspernari
519 3164 661 3230 condicio
691 3187 842 3248 praesens
869 3166 1009 3247 sinebat,
1037 3168 1073 3230 in
1100 3163 1347 3231 hunc‘modum

323 3277 525 3360 respondent.
578 3281 670 3364 ‘quse
703 3277 805 3362 prima
836 3281 987 3344 libertatis
1017 3283 1147 3344 facultas
1181 3280 1252 3344 data
1287 3294 1346 3359 est,

324 3388 445 3454 avidius
474 3412 569 3474 quam
599 3393 719 3455 cautius
750 3393 956 3474 sumpsimus,
990 3407 1026 3457 ut
1052 3396 1143 3459 vobis
1172 3395 1347 3479 ceterisque

324 3507 506 3587 Germanis,
538 3510 775 3590 consanguineis
804 3511 937 3587 nostris,
966 3499 1178 3591 jungeremur.
1238 3531 1350 3574 muros

323 3620 454 3686 civitatis
490 3624 750 3705 congregantibus
785 3643 818 3685 se
854 3644 925 3685 cum
959 3624 1093 3688 maxime
1128 3624 1348 3687 Romanorum

323 3738 511 3802 exercitibus
541 3761 655 3819 augere
685 3739 779 3803 nobis
802 3760 897 3824 quam
921 3735 1048 3802 diruere
1069 3737 1166 3801 tutius
1188 3749 1245 3799 est.
1294 3735 1348 3799 Si·

323 3852 377 3935 qui
409 3873 449 3914 ex
476 3853 565 3914 Italia
593 3867 647 3915 aut
672 3855 844 3935 provinciis
874 3854 1063 3933 alienigenae
1090 3854 1123 3915 in
1153 3853 1268 3915 finibus
1290 3873 1352 3916 no·

322 3966 393 4027 stris
413 3965 553 4044 fuerant,
574 3987 628 4029 eos
650 3968 768 4029 bellum
790 3966 963 4049 absumpsit
981 3959 1033 4031 nel
1053 3967 1087 4029 in
1100 3961 1182 4031 ‘suas
1199 3970 1350 4053 'quisque

322 4075 410 4141 sedes
434 4078 587 4159 refugere.
631 4078 770 4143 deductis
796 4079 870 4145 olim
892 4093 923 4141 et
948 4068 1112 4148 nobiscum
1139 4104 1197 4165 per
1227 4102 1351 4170 connu-
