2950 4775
292 383 330 450 ll
687 375 921 445 annulum

227 579 233 590 ·
290 578 384 638 super
405 554 526 619 nobiles
549 551 735 620 ascendunt:
765 553 849 637 apud
873 568 990 620 ceteros
1012 554 1147 641 impares
1168 556 1309 620 libertini

289 670 440 733 libertatis
463 681 681 750 argumentum
702 681 787 731 sunt.

239 792 275 842 26
374 785 480 847 Fenus
497 784 611 863 agitare
630 796 660 845 et
679 784 713 843 in
730 802 842 844 usuras
860 782 1026 845 extendere
1046 783 1198 862 ignotum,
1220 781 1309 844 ideo·

290 923 352 983 que
379 902 474 979 magis
504 911 649 961 servatur
677 918 773 980 quam
803 900 830 959 si
853 899 982 961 vetitum
1012 910 1100 960 esset.
1148 898 1224 977 Agri
1248 920 1308 978 pro

288 1037 421 1078 nuntero
444 1015 598 1077 cultorum
617 1013 655 1074 ab
674 1010 828 1074 universis
846 1013 881 1072 iu
900 1013 983 1074 vices
1004 1023 1205 1092 occupantur,
1228 1030 1309 1091 quos

287 1153 363 1192 mox
385 1132 468 1192 inter
491 1150 524 1190 se
547 1126 719 1191 secundum
741 1125 921 1206 dignitatem
941 1125 1131 1207 partiuntur.
1178 1123 1309 1187 facilita-

287 1257 351 1306 tem
372 1243 528 1327 partiendi
549 1266 731 1326 camporum
753 1244 851 1326 spatia
870 1255 1039 1325 praestant.
1079 1262 1154 1304 arva
1172 1260 1231 1321 per
1250 1261 1308 1301 an·

287 1378 346 1420 nos
367 1372 499 1434 mutant,
522 1372 552 1421 et
576 1372 718 1440 superest
739 1380 822 1439 ager.
864 1357 930 1419 Nec
960 1359 1043 1421 enim
1068 1380 1140 1420 cum
1164 1361 1308 1421 ubertate

288 1488 318 1537 et
340 1474 545 1557 amplitudine
568 1478 627 1539 soli
646 1478 755 1539 labore
778 1475 987 1553 contendunt,
1014 1488 1050 1537 ut
1069 1476 1211 1557 pomaria
1232 1495 1309 1537 eon-

288 1604 395 1653 serant
423 1605 452 1652 et
479 1605 569 1672 prata
599 1605 744 1673 separent
770 1606 799 1655 et
825 1594 934 1654 hortos
959 1592 1077 1671 rigent:
1110 1591 1178 1653 sola
1204 1601 1308 1651 terrae

288 1726 373 1785 seges
402 1706 583 1786 imperatur.
624 1705 717 1767 Unde
749 1728 867 1769 annum
896 1728 1023 1789 quoque
1048 1705 1153 1787 ipsum
1179 1726 1246 1768 non
1273 1708 1308 1768 in

287 1820 418 1881 totidem
441 1819 585 1900 digerunt
611 1820 739 1900 species.
781 1819 880 1880 hiems
903 1832 934 1881 et
954 1840 1012 1883 ver
1037 1832 1069 1882 et
1093 1832 1192 1882 aestas
1215 1820 1309 1880 intel-

287 1936 403 1996 lectum
433 1958 468 1999 ac
495 1938 650 1999 vocabula
677 1937 811 1999 habent:
845 1935 1005 1998 auctumni
1032 1934 1164 2018 perinde
1190 1957 1308 1998 nomen

287 2072 322 2111 ac
345 2052 430 2112 bona
449 2051 644 2130 ignorantur.

238 2163 274 2210 27
371 2165 534 2227 Funerum
560 2166 648 2225 nulla
669 2161 809 2226 ambitio.
849 2162 884 2225 id
909 2164 1011 2226 solum
1038 2165 1243 2238 observatur,
1271 2174 1308 2224 ut

287 2299 422 2361 corpora
435 2282 592 2343 clarorum
606 2279 749 2342 virorum
764 2279 853 2342 certis
866 2279 958 2359 lignis
971 2291 1156 2341 crementur.
1182 2278 1308 2340 Struem

286 2395 355 2472 rogi
383 2415 440 2455 nec
467 2395 606 2457 vestibus
634 2415 692 2456 nec
721 2393 872 2456 odoribus
903 2396 1080 2455 cumulant:
1110 2415 1167 2455 sua
1193 2395 1306 2476 cuique

288 2529 390 2585 arma,
423 2505 622 2590 quorundam
650 2507 714 2586 igni
744 2520 773 2568 et
796 2500 896 2591 equus
924 2505 1077 2584 adjicitur.
1121 2507 1308 2588 Sepulcrum

287 2638 410 2702 caespes
448 2620 556 2700 erigit3
595 2636 873 2683 monumentorum
905 2621 1040 2683 arduum
1073 2636 1104 2685 et
1137 2643 1307 2702 operosum

286 2736 441 2796 honorem
463 2747 499 2795 ut
518 2756 644 2814 gravem
664 2735 817 2799 defunctis
839 2751 1056 2817 aspernantur.
1097 2738 1251 2800 Lamenta
1271 2759 1307 2799 ac

286 2849 428 2910 lacrimas
451 2849 531 2926 cito,
559 2848 700 2910 dolorem
726 2862 754 2912 et
781 2850 937 2912 tristitiam
957 2849 1046 2913 tarde
1068 2865 1203 2934 ponunt.
1246 2851 1307 2914 Fe·

199 3017 203 3025 .
287 2963 379 3025 minis
400 2966 507 3044 lugere
528 2966 695 3026 honestum
718 2980 778 3044 est,
802 2966 878 3029 viris
900 2966 1087 3029 meminisse.

369 3080 455 3140 Haec
476 3080 695 3143 incommune
718 3077 756 3140 de
779 3081 918 3143 omnium
934 3082 1167 3144 Germanorum
1187 3080 1305 3159 origine

288 3212 323 3254 ac
344 3195 485 3255 moribus
504 3193 688 3275 accepimus.
729 3194 824 3258 Nunc
845 3196 1037 3274 singularum
1057 3195 1197 3274 gentium
1218 3195 1308 3256 insti·

286 3320 353 3370 tuta
374 3309 532 3392 ritusque,
556 3323 710 3392 quatenus
732 3309 893 3390 differant,
917 3331 997 3393 quae
1019 3311 1161 3372 nationes
1189 3331 1206 3371 e
1227 3309 1307 3370 Ger·

287 3423 391 3484 mania
408 3423 444 3483 in
464 3422 581 3485 Gallias
601 3423 888 3503 commigraverint,
909 3423 1085 3506 expediam.

238 3539 275 3588 28
371 3538 549 3602 Validiores
572 3541 647 3602 olim
667 3540 830 3603 Gallorum
850 3562 901 3602 res
922 3543 1018 3604 luisse
1039 3564 1178 3605 summus
1201 3557 1307 3604 aucto-

288 3672 359 3717 rum
384 3653 474 3719 divus
495 3655 595 3718 Julius
618 3655 727 3734 tradit,
758 3678 858 3738 eoque
882 3657 1028 3720 credibile
1051 3672 1097 3720 est
1118 3660 1208 3720 etiam
1233 3657 1307 3718 Gal-

287 3773 335 3833 los
355 3771 389 3831 in
405 3770 604 3833 Germaniam
624 3785 844 3851 transgressos.
888 3770 1081 3848 Quantulum
1103 3775 1187 3835 enim
1208 3775 1307 3836 amuis

289 3889 448 3966 obstabat,
480 3887 666 3971 quominus,
694 3902 729 3950 ut
751 3911 894 3972 quaeque
915 3910 990 3969 gens
1013 3891 1187 3968 evaluerat,
1215 3911 1307 3952 occu-

288 4015 379 4082 paret
407 4015 660 4085 permutaretque
691 4000 779 4065 sedes
808 4004 1001 4082 promiscuas
1030 4002 1131 4065 adhuc
1161 4016 1193 4065 et
1221 4004 1308 4063 nulla

288 4136 457 4194 regnorum
478 4117 618 4199 potentia
639 4113 776 4182 divisas?
818 4119 918 4196 Igitur
942 4120 1024 4179 inter
1050 4118 1231 4198 hercyniam
1255 4121 1308 4179 sil·
