2950 4775
355 408 396 473 ta
747 402 979 472 aunuum
1037 487 1044 500 .

353 580 406 642 siis
433 578 624 643 uocabulum
649 588 696 639 est
725 598 765 640 ex
788 574 884 639 modo
905 577 1031 642 virium.
1082 577 1244 662 Utraeque
1268 578 1370 645 natio-

353 717 409 758 nes
431 715 531 777 usque
553 692 592 756 ad
613 714 765 758 oceanum
782 695 896 757 Rheno
917 706 1145 775 praetexuntur
1164 695 1369 778 ambiuntque

352 810 522 873 immensos
550 808 680 892 insuper
703 811 790 873 lacus
812 822 843 872 et
868 811 1008 874 romanis
1029 811 1177 873 classibus
1198 811 1370 890 navigatus.

351 925 455 1005 ipsum
477 924 556 1008 quin
586 925 679 986 etiam
710 946 863 988 oceanum
890 925 945 987 illa
965 927 1163 989 tentavimus.
1206 939 1237 988 et
1258 947 1369 1008 super·

351 1060 418 1101 esse
441 1038 542 1102 adhuc
563 1039 709 1104 Herculis
729 1041 890 1103 columnas
912 1040 995 1102 fama
1015 1041 1171 1120 vulgavit:
1202 1042 1267 1104 sive
1293 1040 1370 1102 adiit

350 1155 519 1231 Hercules,
542 1174 597 1215 seu
604 1199 613 1230 ‚
635 1150 792 1237 quidquid
812 1153 930 1234 ubique
948 1154 1145 1233 magnificum
1169 1167 1229 1233 est,
1249 1155 1283 1215 in
1305 1155 1368 1215 cla·

348 1270 473 1332 ritatem
498 1276 564 1348 ejus
589 1270 708 1332 referre
735 1271 961 1332 consensimus.
1002 1269 1069 1332 Nec
1095 1268 1196 1331 defuit
1220 1269 1367 1332 audentia

348 1386 455 1448 Druso
484 1386 689 1463 Germanico,
718 1383 773 1448 sed
795 1385 915 1448 obstitit
939 1406 1074 1449 oceanus
1095 1386 1130 1448 in
1152 1407 1184 1448 se
1206 1386 1299 1448 simul
1320 1397 1367 1447 at·

348 1521 410 1582 que
431 1501 465 1561 in
486 1500 655 1562 Herculem
676 1498 806 1580 inquiri.
846 1519 923 1561 mox
943 1520 1036 1563 nemo
1056 1500 1195 1575 tentarit,
1216 1499 1367 1560 sanctius·

347 1637 410 1698 que
433 1637 468 1678 ac
488 1618 683 1678 reverentius
702 1614 806 1678 visum
826 1611 865 1676 da
886 1616 961 1679 actis
980 1614 1111 1679 deorum
1127 1613 1253 1678 credere
1270 1637 1367 1699 quam

345 1729 436 1791 scire.

297 1852 333 1901 35
431 1846 590 1908 Hactenus
616 1844 652 1906 in
682 1840 875 1904 occidentem
903 1842 1104 1907 Germaniam
1132 1842 1287 1906 novimus.
1327 1843 1366 1904 ln

346 1962 589 2043 septentrionem
621 1958 740 2039 ingenti
770 1958 855 2020 flexu
889 1955 980 2019 redit.
1035 1958 1081 2019 Ac
1118 1957 1222 2039 primo
1262 1958 1366 2023 statim

239 2155 248 2163 ι
287 2129 291 2136 ,
345 2073 546 2138 Cauchorum
559 2068 589 2154 *)
609 2093 694 2152 gens,
715 2091 897 2154 quanquam
916 2070 1044 2152 incipiat
1065 2093 1083 2133 a
1103 2072 1212 2135 Frisiis
1235 2094 1270 2134 ac
1290 2094 1365 2155 par·

274 2177 278 2186 ’
344 2203 407 2253 tem
428 2189 530 2253 litoris
552 2199 700 2269 occupet,
730 2188 871 2249 omnium
900 2208 979 2269 quas
1007 2188 1140 2269 exposui
1159 2188 1297 2267 gentium
1317 2190 1364 2249 la·

344 2306 463 2368 teribus
497 2301 695 2380 obtenditur,
726 2300 826 2366 donec
856 2302 888 2366 in
921 2302 1049 2367 Chattos
1079 2323 1180 2386 usque
1210 2304 1364 2367 sinuetur.

345 2419 425 2480 Tam
453 2419 640 2481 immensum
666 2431 822 2480 terrarum
850 2422 985 2502 spatium
1013 2443 1080 2485 non
1106 2434 1216 2484 tenent
1241 2434 1363 2483 tantum

344 2534 464 2598 Cauchi
482 2534 535 2598 sed
559 2528 590 2597 'et
607 2536 756 2617 implent:
777 2537 914 2618 populus
933 2537 1017 2598 inter
1038 2538 1212 2602 Germanos
1232 2538 1363 2602 nobilis-

236 2702 239 2709 ,
343 2653 457 2729 simus,
488 2651 606 2735 quique
634 2649 879 2730 magnitudinem
904 2670 992 2712 suam
1020 2652 1108 2714 malit
1132 2651 1250 2729 justitia
1271 2652 1364 2714 tueri.

343 2764 418 2827 Sine
441 2764 618 2846 cupiditate,
647 2762 714 2825 sine
735 2763 1058 2846 impotentia‚.quiete
1081 2765 1254 2847 secretique
1276 2764 1364 2825 nulla

342 2893 517 2961 provocant
536 2880 635 2957 bella,
656 2878 752 2940 nullis
773 2880 916 2961 raptibus
939 2892 994 2941 aut
1015 2878 1186 2942 latrociniis
1206 2878 1363 2961 populan-

343 3003 407 3056 tur.
449 2990 486 3054 Id
505 2993 709 3074 praecipuum
729 2990 855 3054 virtutis
874 3015 910 3055 ac
930 2993 1045 3056 virium
1066 3006 1282 3074 argumentum
1305 3005 1361 3070 est,

343 3105 430 3188 quod
451 3120 488 3169 ut
514 3107 691 3189 superiores
715 3120 807 3187 agant
830 3127 895 3171 non
915 3130 973 3191 per
991 3108 1122 3186 injurias
1143 3119 1362 3191 assequuntur.

342 3236 490 3305 prompta
509 3234 616 3284 tamen
639 3223 786 3286 omnibus
809 3245 913 3296 arma,
943 3247 977 3288 ac
999 3226 1026 3287 si
1044 3247 1095 3288 res
1116 3238 1224 3308 poscat
1244 3224 1363 3286 exerci-

341 3346 402 3411 tus,
427 3334 601 3415 plurimum
630 3335 772 3400 virorum
802 3356 1036 3421 equorumque,
1071 3352 1102 3402 et
1132 3338 1363 3424 quiescentibus

342 3448 452 3512 eadem
472 3450 567 3511 fama.

396 3740 422 3809 ⁸)
442 3739 539 3794 crucht
556 3742 597 3795 rel
615 3741 697 3795 Gauci
714 3743 880 3796 scribendum
899 3748 955 3807 est,
982 3757 1033 3794 non
1052 3739 1165 3806 Chauci,
1190 3756 1248 3794 uam
1266 3742 1360 3795 Ptole-

343 3852 417 3891 maeo
434 3838 541 3903 Καῦχοι
557 3839 692 3906 dicuutur,
715 3840 804 3893 Chatti
821 3857 884 3894 vero
903 3839 1079 3907 Cheruscique
1096 3835 1217 3902 Χάτται,
1241 3843 1359 3909 Χαιρου-

342 3942 417 3990 cenot.
459 3936 518 3989 hist.
544 3940 571 4003 4,
594 3941 630 3989 ts
656 3937 789 3991 medicem
813 3939 871 3992 cod.
897 3944 970 3991 recte
995 3938 1105 3992 Cauchis
1119 3938 1271 4006 (waltheri
1294 3938 1360 3992 Tac.

341 4038 368 4102 4,
392 4036 460 4103 ets)
485 4036 553 4090 conf.
577 4036 677 4091 Lucan.
692 4036 778 4105 phars.
795 4039 817 4104 Ι,
836 4043 890 4092 458
915 4038 1058 4105 crinigeros
1080 4039 1199 4103 Cauros,
1224 4036 1360 4092 claudian.

340 4138 399 4191 stit.
418 4139 438 4203 l,
457 4141 510 4190 225
528 4139 640 4203 Caicus,
658 4139 684 4191 in
703 4138 814 4209 Eutrop.
834 4141 855 4204 l,
873 4144 927 4193 sts
945 4140 1048 4192 Geticis.
