2950 4775
446 1072 677 1150 ruerem
701 1075 914 1183 norrun.

253 1403 352 1501 Quae
384 1421 415 1484 te
450 1432 606 1482 moneam
639 1432 749 1507 pauca
784 1423 872 1482 sunt.
924 1404 1010 1480 nihil
1037 1407 1192 1508 exquisiti

176 1552 233 1608 aut
255 1536 426 1614 reconditi
450 1557 621 1639 exspectes
652 1540 696 1614 ab
730 1539 889 1614 'editione'
904 1540 940 1613 in
967 1551 1067 1614 usum
1092 1567 1192 1641 prae-

173 1663 338 1758 lectionis,
363 1696 465 1769 quant
492 1669 558 1745 hae
579 1670 692 1745 hieme
717 1670 761 1745 de
785 1671 895 1745 Taciti
919 1672 1192 1780 Germania‘ha-

172 1793 249 1885 heo,
274 1796 440 1876 festinato
490 1798 532 1873 Id
558 1817 669 1874 autem
695 1800 910 1902 potissimum
936 1801 1070 1876 consilii
1094 1830 1193 1877 seeu-

173 1942 228 1999 tus
258 1954 354 2036 sum,
369 1941 445 2017 ut,
479 1928 574 2031 quod
607 1958 628 2004 a
658 1930 794 2025 nemine
824 1930 954 2007 sactum
984 1960 1057 2006 esse
1082 1931 1192 2019 video,

173 2054 267 2136 locos
296 2083 336 2132 ex
362 2057 561 2145 annalibus,
586 2059 756 2150 historiis,
781 2063 847 2127 vita
875 2063 1021 2155 deniqne
1047 2064 1191 2153 Agrico-

174 2184 245 2292 lae,
270 2186 396 2289 quibus
418 2215 472 2262 res
494 2203 632 2261 nostrae
656 2184 887 2276 illustramur,
914 2212 1033 2259 omnes
1056 2214 1096 2259 ae
1120 2186 1191 2260 sin-

174 2317 272 2416 gulos
308 2318 512 2396 Germaniae
546 2319 737 2420 adjicerem.
798 2319 845 2395 ita
881 2346 1006 2422 operae
1044 2320 1192 2422 pretium

174 2449 293 2524 lecism
318 2439 404 2527 mihi
428 2450 581 2539 videbor,
607 2450 636 2524 si
659 2451 791 2552 patriae
813 2450 1022 2553 antiquitatis
1046 2449 1192 2524 studiosi

177 2584 367 2661 accuratius
392 2584 585 2685 perspicere
608 2601 641 2658 et
667 2610 866 2686 comparare
889 2582 1080 2684 potuerint,
1106 2609 1193 2682 quae

173 2729 280 2787 totum
319 2741 407 2815 opus
443 2713 607 2813 legentes·
632 2714 772 2816 ejusque
812 2712 1033 2787 delectatione
1053 2770 1056 2776 .
1074 2730 1193 2813 captos

173 2843 272 2920 facile
305 2844 480 2944 effugiant.
544 2846 590 2919 de
620 2846 753 2945 integra
788 2845 984 2919 narratione
1016 2840 1212 2917 seditionis

173 2973 345 3072 legionum
381 2974 673 3073 germanicarum,
706 3003 726 3048 a
760 2966 865 3049 rebus
894 2974 1021 3048 nostris
1053 2973 1193 3075 proprie

174 3104 321 3197 alienae,
362 3106 545 3180 inserenda
584 3104 758 3205 dubitari3
802 3121 931 3178 motum
974 3084 1193 3193 vitellianum,

177 3265 254 3309 eum
288 3235 472 3311 rebellione
507 3236 622 3339 Civilis
653 3236 773 3312 intime
807 3263 1016 3325 connexum,
1055 3235 1194 3333 longius

173 3396 351 3470 excerpere
377 3396 448 3442 non
474 3368 583 3443 omisi.
634 3369 791 3444 Ceterum
813 3367 851 3441 in
877 3364 1078 3464 refingendo
1102 3354 1193 3438 textu

173 3529 297 3602 parum
323 3500 464 3576 discessi
492 3501 676 3576 electione
705 3501 843 3603 optimis
867 3500 1030 3591 Belleri,
1057 3501 1193 3600 Ruper-

173 3634 230 3723 tii5
262 3632 459 3724 Waltheri‚
494 3633 615 3708 Bachii
644 3633 852 3708 editionibus
873 3631 1026 3720 firmata,
1059 3646 1194 3730 praeter

85 3765 87 3770 ’
173 3768 260 3868 quas
300 3784 333 3839 et
372 3765 557 3840 Germania
593 3766 766 3856 Passuri,
804 3763 936 3853 Hessii,
973 3760 1193 3860 omniumque

65 3942 66 3945 π
173 3895 357 3970 novissima
392 3923 431 3969 ae
465 3896 536 3969 fere
570 3895 830 3994 castigatissima
866 3892 1039 3968 Gerlachii
1072 3892 1193 3965 merito

88 4026 92 4033 ’
175 4057 194 4100 a
227 4055 281 4102 nte
315 4028 469 4103 adhibita
502 4046 560 4104 est.
623 4028 741 4133 Quum
774 4046 886 4103 tamen
922 4029 959 4102 in
995 4027 1192 4101 nominibus

175 4157 424 4231 Germanorum
449 4157 599 4258 propriis
625 4175 753 4233 textum
775 4159 959 4233 inveterato
986 4185 1087 4260 saepe
1112 4157 1192 4231 vitio

652 4480 657 4487 ’
692 4528 928 4627 secero
