<?xml version="1.0" encoding="UTF-8"?>
<!DOCTYPE html PUBLIC "-//W3C//DTD XHTML 1.0 Transitional//EN"
    "http://www.w3.org/TR/xhtml1/DTD/xhtml1-transitional.dtd">
<html xmlns="http://www.w3.org/1999/xhtml" xml:lang="en" lang="en">
 <head>
  <title>
</title>
<meta http-equiv="Content-Type" content="text/html;charset=utf-8" />
  <meta name='ocr-system' content='tesseract 3.04.00' />
  <meta name='ocr-capabilities' content='ocr_page ocr_carea ocr_par ocr_line ocrx_word'/>
</head>
<body>
  <div class='ocr_page' id='page_1' title='image "./tacitigermania01grimgoog_0095.png"; bbox 0 0 2950 4775; ppageno 0'>
   <div class='ocr_carea' id='block_1_1' title="bbox 367 398 1139 482">
    <p class='ocr_par' dir='ltr' id='par_1_1' title="bbox 367 398 1139 482">
     <span class='ocr_line' id='line_1_1' title="bbox 367 398 1139 482; baseline 0.009 -7"><span class='ocrx_word' id='word_1_1' title='bbox 367 398 375 407; x_wconf 75' lang='grc'><strong><em>’</em></strong></span> <span class='ocrx_word' id='word_1_2' title='bbox 403 406 407 412; x_wconf 83' lang='grc'><strong><em>’</em></strong></span> <span class='ocrx_word' id='word_1_3' title='bbox 469 406 532 475; x_wconf 80' lang='lat' dir='ltr'><strong>EX</strong></span> <span class='ocrx_word' id='word_1_4' title='bbox 554 407 790 479; x_wconf 72' lang='lat' dir='ltr'>HISTORIIS</span> <span class='ocrx_word' id='word_1_5' title='bbox 1095 415 1139 482; x_wconf 72' lang='grc'><strong>95</strong></span> 
     </span>
    </p>
   </div>
   <div class='ocr_carea' id='block_1_2' title="bbox 113 582 1138 1012">
    <p class='ocr_par' dir='ltr' id='par_1_2' title="bbox 113 582 1138 1012">
     <span class='ocr_line' id='line_1_2' title="bbox 114 582 1138 670; baseline 0.002 -20"><span class='ocrx_word' id='word_1_6' title='bbox 114 605 244 650; x_wconf 84' lang='lat' dir='ltr'><strong>rumore</strong></span> <span class='ocrx_word' id='word_1_7' title='bbox 265 606 285 646; x_wconf 92' lang='lat' dir='ltr'><strong>a</strong></span> <span class='ocrx_word' id='word_1_8' title='bbox 306 582 456 646; x_wconf 85' lang='lat' dir='ltr'><strong>Sarmatis</strong></span> <span class='ocrx_word' id='word_1_9' title='bbox 477 582 636 667; x_wconf 82' lang='lat' dir='ltr'><strong>Dacisque</strong></span> <span class='ocrx_word' id='word_1_10' title='bbox 663 587 798 649; x_wconf 87' lang='lat' dir='ltr'><strong>moesica</strong></span> <span class='ocrx_word' id='word_1_11' title='bbox 826 608 862 649; x_wconf 93' lang='lat' dir='ltr'><strong>ac</strong></span> <span class='ocrx_word' id='word_1_12' title='bbox 889 591 1067 670; x_wconf 87' lang='lat' dir='ltr'><strong>pannonica</strong></span> <span class='ocrx_word' id='word_1_13' title='bbox 1087 591 1138 652; x_wconf 88' lang='lat' dir='ltr'><strong>bi·</strong></span> 
     </span>
     <span class='ocr_line' id='line_1_3' title="bbox 114 696 1136 784; baseline 0.006 -23"><span class='ocrx_word' id='word_1_14' title='bbox 114 701 215 762; x_wconf 89' lang='lat' dir='ltr'><strong>berna</strong></span> <span class='ocrx_word' id='word_1_15' title='bbox 248 696 469 761; x_wconf 79' lang='lat' dir='ltr'><strong>circumsideri.</strong></span> <span class='ocrx_word' id='word_1_16' title='bbox 530 698 619 779; x_wconf 89' lang='lat' dir='ltr'><strong>paria</strong></span> <span class='ocrx_word' id='word_1_17' title='bbox 657 696 697 759; x_wconf 90' lang='lat' dir='ltr'><strong>de</strong></span> <span class='ocrx_word' id='word_1_18' title='bbox 731 700 897 764; x_wconf 79' lang='lat' dir='ltr'><strong>Britannia</strong></span> <span class='ocrx_word' id='word_1_19' title='bbox 929 703 1136 784; x_wconf 85' lang='lat' dir='ltr'><strong>fingebantur.</strong></span> 
     </span>
     <span class='ocr_line' id='line_1_4' title="bbox 114 809 1135 895; baseline 0.007 -20"><span class='ocrx_word' id='word_1_20' title='bbox 114 810 179 875; x_wconf 90' lang='lat' dir='ltr'><strong>Sed</strong></span> <span class='ocrx_word' id='word_1_21' title='bbox 201 811 280 873; x_wconf 88' lang='lat' dir='ltr'><strong>nihil</strong></span> <span class='ocrx_word' id='word_1_22' title='bbox 301 830 400 894; x_wconf 82' lang='lat' dir='ltr'><strong>aeque</strong></span> <span class='ocrx_word' id='word_1_23' title='bbox 422 831 517 893; x_wconf 89' lang='lat' dir='ltr'><strong>quam</strong></span> <span class='ocrx_word' id='word_1_24' title='bbox 536 809 716 874; x_wconf 78' lang='lat' dir='ltr'><strong>incendIum</strong></span> <span class='ocrx_word' id='word_1_25' title='bbox 735 811 884 895; x_wconf 79' lang='lat' dir='ltr'><strong>capitolii</strong></span> <span class='ocrx_word' id='word_1_26' title='bbox 904 828 940 878; x_wconf 90' lang='lat' dir='ltr'><strong>ut</strong></span> <span class='ocrx_word' id='word_1_27' title='bbox 959 817 1054 880; x_wconf 88' lang='lat' dir='ltr'><strong>finem</strong></span> <span class='ocrx_word' id='word_1_28' title='bbox 1075 821 1135 884; x_wconf 89' lang='lat' dir='ltr'><strong>im·</strong></span> 
     </span>
     <span class='ocr_line' id='line_1_5' title="bbox 113 920 1135 1012; baseline 0.003 -22"><span class='ocrx_word' id='word_1_29' title='bbox 113 928 207 1010; x_wconf 88' lang='lat' dir='ltr'><strong>perio</strong></span> <span class='ocrx_word' id='word_1_30' title='bbox 235 926 342 990; x_wconf 88' lang='lat' dir='ltr'><strong>adesse</strong></span> <span class='ocrx_word' id='word_1_31' title='bbox 369 923 531 989; x_wconf 83' lang='lat' dir='ltr'><strong>crederent</strong></span> <span class='ocrx_word' id='word_1_32' title='bbox 548 920 735 1009; x_wconf 70' lang='lat' dir='ltr'><strong>impulerat.</strong></span> <span class='ocrx_word' id='word_1_33' title='bbox 780 942 900 1012; x_wconf 88' lang='lat' dir='ltr'><strong>captam</strong></span> <span class='ocrx_word' id='word_1_34' title='bbox 922 931 997 994; x_wconf 87' lang='lat' dir='ltr'><strong>olim</strong></span> <span class='ocrx_word' id='word_1_35' title='bbox 1019 953 1037 993; x_wconf 92' lang='lat' dir='ltr'><strong>a</strong></span> <span class='ocrx_word' id='word_1_36' title='bbox 1060 932 1135 994; x_wconf 89' lang='lat' dir='ltr'><strong>Gal·</strong></span> 
     </span>
    </p>
   </div>
   <div class='ocr_carea' id='block_1_3' title="bbox 110 1039 1220 4217">
    <p class='ocr_par' dir='ltr' id='par_1_3' title="bbox 113 1039 1136 1923">
     <span class='ocr_line' id='line_1_6' title="bbox 113 1039 1136 1128; baseline 0.006 -23"><span class='ocrx_word' id='word_1_37' title='bbox 113 1044 154 1105; x_wconf 86' lang='lat' dir='ltr'><strong>lis</strong></span> <span class='ocrx_word' id='word_1_38' title='bbox 176 1044 305 1119; x_wconf 91' lang='lat' dir='ltr'><strong>urbem,</strong></span> <span class='ocrx_word' id='word_1_39' title='bbox 335 1039 390 1103; x_wconf 88' lang='lat' dir='ltr'><strong>sed</strong></span> <span class='ocrx_word' id='word_1_40' title='bbox 417 1041 537 1123; x_wconf 88' lang='lat' dir='ltr'><strong>integra</strong></span> <span class='ocrx_word' id='word_1_41' title='bbox 564 1044 651 1108; x_wconf 83' lang='lat' dir='ltr'><strong>Joris</strong></span> <span class='ocrx_word' id='word_1_42' title='bbox 680 1043 753 1108; x_wconf 90' lang='lat' dir='ltr'><strong>sede</strong></span> <span class='ocrx_word' id='word_1_43' title='bbox 781 1048 931 1110; x_wconf 86' lang='lat' dir='ltr'><strong>mansisse</strong></span> <span class='ocrx_word' id='word_1_44' title='bbox 957 1047 1136 1128; x_wconf 89' lang='lat' dir='ltr'><strong>imperium.</strong></span> 
     </span>
     <span class='ocr_line' id='line_1_7' title="bbox 114 1154 1135 1244; baseline 0.006 -26"><span class='ocrx_word' id='word_1_45' title='bbox 114 1157 203 1220; x_wconf 85' lang='lat' dir='ltr'><strong>fatali</strong></span> <span class='ocrx_word' id='word_1_46' title='bbox 222 1176 307 1219; x_wconf 90' lang='lat' dir='ltr'><strong>nunc</strong></span> <span class='ocrx_word' id='word_1_47' title='bbox 329 1154 400 1237; x_wconf 87' lang='lat' dir='ltr'><strong>igne</strong></span> <span class='ocrx_word' id='word_1_48' title='bbox 421 1155 543 1236; x_wconf 86' lang='lat' dir='ltr'><strong>signum</strong></span> <span class='ocrx_word' id='word_1_49' title='bbox 565 1159 709 1223; x_wconf 88' lang='lat' dir='ltr'><strong>coelestis</strong></span> <span class='ocrx_word' id='word_1_50' title='bbox 735 1162 802 1222; x_wconf 88' lang='lat' dir='ltr'><strong>irae</strong></span> <span class='ocrx_word' id='word_1_51' title='bbox 831 1160 937 1224; x_wconf 86' lang='lat' dir='ltr'><strong>datum</strong></span> <span class='ocrx_word' id='word_1_52' title='bbox 959 1175 989 1224; x_wconf 91' lang='lat' dir='ltr'><strong>et</strong></span> <span class='ocrx_word' id='word_1_53' title='bbox 1011 1183 1135 1244; x_wconf 88' lang='lat' dir='ltr'><strong>posses·</strong></span> 
     </span>
     <span class='ocr_line' id='line_1_8' title="bbox 113 1273 1136 1359; baseline 0.005 -25"><span class='ocrx_word' id='word_1_54' title='bbox 113 1273 237 1336; x_wconf 86' lang='lat' dir='ltr'><strong>sionem</strong></span> <span class='ocrx_word' id='word_1_55' title='bbox 256 1292 364 1334; x_wconf 89' lang='lat' dir='ltr'><strong>rerum</strong></span> <span class='ocrx_word' id='word_1_56' title='bbox 384 1273 592 1336; x_wconf 88' lang='lat' dir='ltr'><strong>humanarum</strong></span> <span class='ocrx_word' id='word_1_57' title='bbox 610 1276 810 1357; x_wconf 76' lang='lat' dir='ltr'><strong>transalpinis</strong></span> <span class='ocrx_word' id='word_1_58' title='bbox 830 1278 972 1356; x_wconf 88' lang='lat' dir='ltr'><strong>gentibus</strong></span> <span class='ocrx_word' id='word_1_59' title='bbox 988 1276 1136 1359; x_wconf 89' lang='lat' dir='ltr'><strong>portendi</strong></span> 
     </span>
     <span class='ocr_line' id='line_1_9' title="bbox 114 1362 1134 1475; baseline 0.003 -23"><span class='ocrx_word' id='word_1_60' title='bbox 114 1390 337 1472; x_wconf 77' lang='lat' dir='ltr'><strong>superstitione</strong></span> <span class='ocrx_word' id='word_1_61' title='bbox 354 1408 436 1453; x_wconf 84' lang='lat' dir='ltr'><strong>vana</strong></span> <span class='ocrx_word' id='word_1_62' title='bbox 454 1362 585 1451; x_wconf 89' lang='lat' dir='ltr'><strong>druidae</strong></span> <span class='ocrx_word' id='word_1_63' title='bbox 603 1391 767 1452; x_wconf 84' lang='lat' dir='ltr'><strong>canebant.</strong></span> <span class='ocrx_word' id='word_1_64' title='bbox 806 1391 1036 1475; x_wconf 79' lang='lat' dir='ltr'><strong>incesseratque</strong></span> <span class='ocrx_word' id='word_1_65' title='bbox 1050 1394 1134 1455; x_wconf 87' lang='lat' dir='ltr'><strong>fama</strong></span> 
     </span>
     <span class='ocr_line' id='line_1_10' title="bbox 114 1499 1135 1586; baseline 0.001 -20"><span class='ocrx_word' id='word_1_66' title='bbox 114 1504 269 1586; x_wconf 88' lang='lat' dir='ltr'><strong>primores</strong></span> <span class='ocrx_word' id='word_1_67' title='bbox 294 1501 467 1565; x_wconf 88' lang='lat' dir='ltr'><strong>Galliarum</strong></span> <span class='ocrx_word' id='word_1_68' title='bbox 489 1504 528 1564; x_wconf 89' lang='lat' dir='ltr'><strong>ab</strong></span> <span class='ocrx_word' id='word_1_69' title='bbox 553 1499 679 1566; x_wconf 89' lang='lat' dir='ltr'><strong>Othone</strong></span> <span class='ocrx_word' id='word_1_70' title='bbox 704 1501 855 1568; x_wconf 84' lang='lat' dir='ltr'><strong>adversus</strong></span> <span class='ocrx_word' id='word_1_71' title='bbox 876 1505 1039 1567; x_wconf 84' lang='lat' dir='ltr'><strong>Vitellium</strong></span> <span class='ocrx_word' id='word_1_72' title='bbox 1059 1505 1135 1567; x_wconf 88' lang='lat' dir='ltr'><strong>mis·</strong></span> 
     </span>
     <span class='ocr_line' id='line_1_11' title="bbox 114 1616 1133 1701; baseline 0.001 -20"><span class='ocrx_word' id='word_1_73' title='bbox 114 1640 186 1695; x_wconf 84' lang='lat' dir='ltr'><strong>sos,</strong></span> <span class='ocrx_word' id='word_1_74' title='bbox 217 1631 384 1700; x_wconf 81' lang='lat' dir='ltr'><strong>antequam</strong></span> <span class='ocrx_word' id='word_1_75' title='bbox 405 1616 658 1697; x_wconf 81' lang='lat' dir='ltr'><strong>digrederentur,</strong></span> <span class='ocrx_word' id='word_1_76' title='bbox 688 1619 843 1701; x_wconf 84' lang='lat' dir='ltr'><strong>pepigisse</strong></span> <span class='ocrx_word' id='word_1_77' title='bbox 866 1641 907 1684; x_wconf 91' lang='lat' dir='ltr'><strong>ne</strong></span> <span class='ocrx_word' id='word_1_78' title='bbox 931 1619 1075 1683; x_wconf 86' lang='lat' dir='ltr'><strong>deessent</strong></span> <span class='ocrx_word' id='word_1_79' title='bbox 1094 1623 1133 1682; x_wconf 90' lang='lat' dir='ltr'><strong>li-</strong></span> 
     </span>
     <span class='ocr_line' id='line_1_12' title="bbox 113 1726 1133 1812; baseline 0.002 -18"><span class='ocrx_word' id='word_1_80' title='bbox 113 1726 245 1811; x_wconf 86' lang='lat' dir='ltr'><strong>bertati,</strong></span> <span class='ocrx_word' id='word_1_81' title='bbox 276 1732 304 1793; x_wconf 91' lang='lat' dir='ltr'><strong>si</strong></span> <span class='ocrx_word' id='word_1_82' title='bbox 328 1732 482 1812; x_wconf 89' lang='lat' dir='ltr'><strong>populum</strong></span> <span class='ocrx_word' id='word_1_83' title='bbox 506 1749 673 1792; x_wconf 89' lang='lat' dir='ltr'><strong>romanum</strong></span> <span class='ocrx_word' id='word_1_84' title='bbox 700 1731 847 1794; x_wconf 90' lang='lat' dir='ltr'><strong>continua</strong></span> <span class='ocrx_word' id='word_1_85' title='bbox 876 1733 1013 1797; x_wconf 83' lang='lat' dir='ltr'><strong>civilium</strong></span> <span class='ocrx_word' id='word_1_86' title='bbox 1033 1733 1133 1796; x_wconf 92' lang='lat' dir='ltr'><strong>bello·</strong></span> 
     </span>
     <span class='ocr_line' id='line_1_13' title="bbox 113 1837 789 1923; baseline -0.006 -14"><span class='ocrx_word' id='word_1_87' title='bbox 113 1867 187 1909; x_wconf 88' lang='lat' dir='ltr'><strong>rum</strong></span> <span class='ocrx_word' id='word_1_88' title='bbox 206 1845 302 1908; x_wconf 87' lang='lat' dir='ltr'><strong>series</strong></span> <span class='ocrx_word' id='word_1_89' title='bbox 323 1856 354 1905; x_wconf 89' lang='lat' dir='ltr'><strong>et</strong></span> <span class='ocrx_word' id='word_1_90' title='bbox 369 1844 495 1905; x_wconf 91' lang='lat' dir='ltr'><strong>interna</strong></span> <span class='ocrx_word' id='word_1_91' title='bbox 515 1837 789 1923; x_wconf 78' lang='lat' dir='ltr'><strong>mala&#39;fregissent.</strong></span> 
     </span>
    </p>

    <p class='ocr_par' dir='ltr' id='par_1_4' title="bbox 110 1957 1220 4217">
     <span class='ocr_line' id='line_1_14' title="bbox 199 1957 1220 2048; baseline 0.001 -24"><span class='ocrx_word' id='word_1_92' title='bbox 199 1963 281 2024; x_wconf 84' lang='lat' dir='ltr'><strong>Ante</strong></span> <span class='ocrx_word' id='word_1_93' title='bbox 302 1960 406 2023; x_wconf 80' lang='lat' dir='ltr'><strong>Flacci</strong></span> <span class='ocrx_word' id='word_1_94' title='bbox 429 1957 607 2022; x_wconf 83' lang='lat' dir='ltr'><strong>Hordeonii</strong></span> <span class='ocrx_word' id='word_1_95' title='bbox 631 1957 757 2022; x_wconf 87' lang='lat' dir='ltr'><strong>caedem</strong></span> <span class='ocrx_word' id='word_1_96' title='bbox 780 1957 861 2022; x_wconf 87' lang='lat' dir='ltr'><strong>nihil</strong></span> <span class='ocrx_word' id='word_1_97' title='bbox 882 1960 1043 2043; x_wconf 79' lang='lat' dir='ltr'><strong>prorupit,</strong></span> <span class='ocrx_word' id='word_1_98' title='bbox 1067 1983 1131 2045; x_wconf 93' lang='lat' dir='ltr'><strong>quo</strong></span> <span class='ocrx_word' id='word_1_99' title='bbox 1146 1981 1220 2048; x_wconf 50' lang='grc' dir='ltr'><strong>με</strong></span> 
     </span>
     <span class='ocr_line' id='line_1_15' title="bbox 114 2070 1133 2157; baseline -0.007 -17"><span class='ocrx_word' id='word_1_100' title='bbox 114 2074 290 2157; x_wconf 86' lang='lat' dir='ltr'><strong>conjuratio</strong></span> <span class='ocrx_word' id='word_1_101' title='bbox 308 2073 542 2152; x_wconf 83' lang='lat' dir='ltr'><strong>intelligeretur.</strong></span> <span class='ocrx_word' id='word_1_102' title='bbox 582 2071 746 2135; x_wconf 84' lang='lat' dir='ltr'><strong>interfecto</strong></span> <span class='ocrx_word' id='word_1_103' title='bbox 767 2070 952 2134; x_wconf 88' lang='lat' dir='ltr'><strong>Hordeonio</strong></span> <span class='ocrx_word' id='word_1_104' title='bbox 979 2092 1133 2134; x_wconf 87' lang='lat' dir='ltr'><strong>commea-</strong></span> 
     </span>
     <span class='ocr_line' id='line_1_16' title="bbox 113 2184 1133 2268; baseline -0.006 -14"><span class='ocrx_word' id='word_1_105' title='bbox 113 2210 190 2255; x_wconf 82' lang='lat' dir='ltr'><strong>vere</strong></span> <span class='ocrx_word' id='word_1_106' title='bbox 214 2188 317 2251; x_wconf 89' lang='lat' dir='ltr'><strong>nuntii</strong></span> <span class='ocrx_word' id='word_1_107' title='bbox 334 2188 417 2250; x_wconf 87' lang='lat' dir='ltr'><strong>inter</strong></span> <span class='ocrx_word' id='word_1_108' title='bbox 442 2184 574 2248; x_wconf 87' lang='lat' dir='ltr'><strong>Civilem</strong></span> <span class='ocrx_word' id='word_1_109' title='bbox 595 2184 830 2268; x_wconf 82' lang='lat' dir='ltr'><strong>Classicumque</strong></span> <span class='ocrx_word' id='word_1_110' title='bbox 849 2185 1042 2266; x_wconf 83' lang='lat' dir='ltr'><strong>praefectum</strong></span> <span class='ocrx_word' id='word_1_111' title='bbox 1065 2185 1133 2248; x_wconf 89' lang='lat' dir='ltr'><strong>alae</strong></span> 
     </span>
     <span class='ocr_line' id='line_1_17' title="bbox 112 2297 1134 2381; baseline -0.003 -18"><span class='ocrx_word' id='word_1_112' title='bbox 112 2303 339 2367; x_wconf 81' lang='lat' dir='ltr'><strong>Treverorum.</strong></span> <span class='ocrx_word' id='word_1_113' title='bbox 382 2298 535 2361; x_wconf 87' lang='lat' dir='ltr'><strong>Classicus</strong></span> <span class='ocrx_word' id='word_1_114' title='bbox 562 2297 725 2359; x_wconf 89' lang='lat' dir='ltr'><strong>nobilitate</strong></span> <span class='ocrx_word' id='word_1_115' title='bbox 750 2299 925 2381; x_wconf 89' lang='lat' dir='ltr'><strong>opibusque</strong></span> <span class='ocrx_word' id='word_1_116' title='bbox 953 2311 1025 2361; x_wconf 90' lang='lat' dir='ltr'><strong>ante</strong></span> <span class='ocrx_word' id='word_1_117' title='bbox 1045 2299 1134 2376; x_wconf 90' lang='lat' dir='ltr'><strong>alios,</strong></span> 
     </span>
     <span class='ocr_line' id='line_1_18' title="bbox 111 2412 1133 2501; baseline -0.009 -19"><span class='ocrx_word' id='word_1_118' title='bbox 111 2420 235 2501; x_wconf 91' lang='lat' dir='ltr'><strong>regium</strong></span> <span class='ocrx_word' id='word_1_119' title='bbox 255 2419 302 2480; x_wconf 92' lang='lat' dir='ltr'><strong>illi</strong></span> <span class='ocrx_word' id='word_1_120' title='bbox 322 2434 419 2494; x_wconf 87' lang='lat' dir='ltr'><strong>genus</strong></span> <span class='ocrx_word' id='word_1_121' title='bbox 443 2425 474 2475; x_wconf 86' lang='lat' dir='ltr'><strong>et</strong></span> <span class='ocrx_word' id='word_1_122' title='bbox 500 2432 575 2494; x_wconf 89' lang='lat' dir='ltr'><strong>pace</strong></span> <span class='ocrx_word' id='word_1_123' title='bbox 604 2412 750 2495; x_wconf 90' lang='lat' dir='ltr'><strong>belloque</strong></span> <span class='ocrx_word' id='word_1_124' title='bbox 779 2415 862 2475; x_wconf 88' lang='lat' dir='ltr'><strong>clara</strong></span> <span class='ocrx_word' id='word_1_125' title='bbox 888 2412 986 2492; x_wconf 85' lang='lat' dir='ltr'><strong>origo.</strong></span> <span class='ocrx_word' id='word_1_126' title='bbox 1025 2412 1094 2493; x_wconf 88' lang='lat' dir='ltr'><strong>ipse</strong></span> <span class='ocrx_word' id='word_1_127' title='bbox 1116 2433 1133 2473; x_wconf 92' lang='lat' dir='ltr'><strong>e</strong></span> 
     </span>
     <span class='ocr_line' id='line_1_19' title="bbox 111 2525 1135 2612; baseline -0.012 -14"><span class='ocrx_word' id='word_1_128' title='bbox 111 2532 286 2612; x_wconf 78' lang='lat' dir='ltr'><strong>majoribus</strong></span> <span class='ocrx_word' id='word_1_129' title='bbox 311 2528 375 2589; x_wconf 88' lang='lat' dir='ltr'><strong>suis</strong></span> <span class='ocrx_word' id='word_1_130' title='bbox 398 2526 497 2590; x_wconf 85' lang='lat' dir='ltr'><strong>hostis</strong></span> <span class='ocrx_word' id='word_1_131' title='bbox 517 2526 629 2606; x_wconf 90' lang='lat' dir='ltr'><strong>populi</strong></span> <span class='ocrx_word' id='word_1_132' title='bbox 653 2525 779 2586; x_wconf 89' lang='lat' dir='ltr'><strong>romani</strong></span> <span class='ocrx_word' id='word_1_133' title='bbox 798 2545 893 2608; x_wconf 90' lang='lat' dir='ltr'><strong>quam</strong></span> <span class='ocrx_word' id='word_1_134' title='bbox 913 2525 1015 2587; x_wconf 86' lang='lat' dir='ltr'><strong>socius</strong></span> <span class='ocrx_word' id='word_1_135' title='bbox 1038 2530 1135 2602; x_wconf 85' lang='lat' dir='ltr'><strong>jacta·</strong></span> 
     </span>
     <span class='ocr_line' id='line_1_20' title="bbox 110 2640 1135 2720; baseline -0.011 -8"><span class='ocrx_word' id='word_1_136' title='bbox 110 2653 179 2712; x_wconf 87' lang='lat' dir='ltr'><strong>bat.</strong></span> <span class='ocrx_word' id='word_1_137' title='bbox 219 2646 377 2709; x_wconf 73' lang='lat' dir='ltr'><strong>Misctoere</strong></span> <span class='ocrx_word' id='word_1_138' title='bbox 398 2662 465 2704; x_wconf 88' lang='lat' dir='ltr'><strong>sese</strong></span> <span class='ocrx_word' id='word_1_139' title='bbox 485 2641 586 2703; x_wconf 86' lang='lat' dir='ltr'><strong>Julius</strong></span> <span class='ocrx_word' id='word_1_140' title='bbox 610 2641 714 2704; x_wconf 90' lang='lat' dir='ltr'><strong>Tutor</strong></span> <span class='ocrx_word' id='word_1_141' title='bbox 734 2653 766 2703; x_wconf 93' lang='lat' dir='ltr'><strong>et</strong></span> <span class='ocrx_word' id='word_1_142' title='bbox 785 2640 886 2703; x_wconf 89' lang='lat' dir='ltr'><strong>Julius</strong></span> <span class='ocrx_word' id='word_1_143' title='bbox 905 2640 1058 2720; x_wconf 85' lang='lat' dir='ltr'><strong>Sabinus,</strong></span> <span class='ocrx_word' id='word_1_144' title='bbox 1082 2641 1135 2701; x_wconf 92' lang='lat' dir='ltr'><strong>hic</strong></span> 
     </span>
     <span class='ocr_line' id='line_1_21' title="bbox 112 2753 1134 2838; baseline -0.008 -14"><span class='ocrx_word' id='word_1_145' title='bbox 112 2762 244 2838; x_wconf 74' lang='lat' dir='ltr'><strong>Treuir,</strong></span> <span class='ocrx_word' id='word_1_146' title='bbox 275 2757 327 2821; x_wconf 90' lang='lat' dir='ltr'><strong>hic</strong></span> <span class='ocrx_word' id='word_1_147' title='bbox 353 2755 526 2835; x_wconf 86' lang='lat' dir='ltr'><strong>Lingonus.</strong></span> <span class='ocrx_word' id='word_1_148' title='bbox 576 2753 679 2816; x_wconf 89' lang='lat' dir='ltr'><strong>Tutor</strong></span> <span class='ocrx_word' id='word_1_149' title='bbox 707 2755 795 2835; x_wconf 87' lang='lat' dir='ltr'><strong>ripae</strong></span> <span class='ocrx_word' id='word_1_150' title='bbox 823 2754 927 2817; x_wconf 87' lang='lat' dir='ltr'><strong>Rheni</strong></span> <span class='ocrx_word' id='word_1_151' title='bbox 958 2776 976 2817; x_wconf 90' lang='lat' dir='ltr'><strong>a</strong></span> <span class='ocrx_word' id='word_1_152' title='bbox 1004 2753 1134 2816; x_wconf 90' lang='lat' dir='ltr'><strong>Vitellio</strong></span> 
     </span>
     <span class='ocr_line' id='line_1_22' title="bbox 112 2870 1134 2959; baseline -0.008 -20"><span class='ocrx_word' id='word_1_153' title='bbox 112 2876 307 2959; x_wconf 77' lang='lat' dir='ltr'><strong>praefectust</strong></span> <span class='ocrx_word' id='word_1_154' title='bbox 334 2870 470 2934; x_wconf 87' lang='lat' dir='ltr'><strong>Sabinus</strong></span> <span class='ocrx_word' id='word_1_155' title='bbox 491 2890 588 2952; x_wconf 89' lang='lat' dir='ltr'><strong>super</strong></span> <span class='ocrx_word' id='word_1_156' title='bbox 606 2870 732 2932; x_wconf 91' lang='lat' dir='ltr'><strong>insitam</strong></span> <span class='ocrx_word' id='word_1_157' title='bbox 753 2870 922 2933; x_wconf 74' lang='lat' dir='ltr'><strong>uanitatem</strong></span> <span class='ocrx_word' id='word_1_158' title='bbox 942 2871 1039 2933; x_wconf 81' lang='lat' dir='ltr'><strong>falsae</strong></span> <span class='ocrx_word' id='word_1_159' title='bbox 1063 2871 1134 2931; x_wconf 87' lang='lat' dir='ltr'><strong>stir-</strong></span> 
     </span>
     <span class='ocr_line' id='line_1_23' title="bbox 112 2983 1135 3073; baseline -0.006 -20"><span class='ocrx_word' id='word_1_160' title='bbox 112 2991 164 3073; x_wconf 91' lang='lat' dir='ltr'><strong>pis</strong></span> <span class='ocrx_word' id='word_1_161' title='bbox 187 2990 286 3070; x_wconf 89' lang='lat' dir='ltr'><strong>gloria</strong></span> <span class='ocrx_word' id='word_1_162' title='bbox 307 2985 551 3063; x_wconf 88' lang='lat' dir='ltr'><strong>incendebatur,</strong></span> <span class='ocrx_word' id='word_1_163' title='bbox 579 2985 743 3067; x_wconf 81' lang='lat' dir='ltr'><strong>proaviam</strong></span> <span class='ocrx_word' id='word_1_164' title='bbox 766 3006 855 3047; x_wconf 88' lang='lat' dir='ltr'><strong>susm</strong></span> <span class='ocrx_word' id='word_1_165' title='bbox 877 2984 950 3049; x_wconf 84' lang='lat' dir='ltr'><strong>divo</strong></span> <span class='ocrx_word' id='word_1_166' title='bbox 971 2983 1055 3047; x_wconf 91' lang='lat' dir='ltr'><strong>Julio</strong></span> <span class='ocrx_word' id='word_1_167' title='bbox 1076 3005 1135 3066; x_wconf 90' lang='lat' dir='ltr'><strong>per</strong></span> 
     </span>
     <span class='ocr_line' id='line_1_24' title="bbox 114 3098 1135 3183; baseline -0.007 -16"><span class='ocrx_word' id='word_1_168' title='bbox 114 3104 233 3167; x_wconf 83' lang='lat' dir='ltr'><strong>Gallias</strong></span> <span class='ocrx_word' id='word_1_169' title='bbox 260 3101 389 3164; x_wconf 89' lang='lat' dir='ltr'><strong>bellanti</strong></span> <span class='ocrx_word' id='word_1_170' title='bbox 416 3120 549 3182; x_wconf 87' lang='lat' dir='ltr'><strong>corpore</strong></span> <span class='ocrx_word' id='word_1_171' title='bbox 577 3112 672 3183; x_wconf 89' lang='lat' dir='ltr'><strong>atque</strong></span> <span class='ocrx_word' id='word_1_172' title='bbox 701 3098 855 3162; x_wconf 88' lang='lat' dir='ltr'><strong>adulterio</strong></span> <span class='ocrx_word' id='word_1_173' title='bbox 878 3101 1043 3181; x_wconf 88' lang='lat' dir='ltr'><strong>placuisse.</strong></span> <span class='ocrx_word' id='word_1_174' title='bbox 1091 3099 1135 3161; x_wconf 87' lang='lat' dir='ltr'><strong>Hi</strong></span> 
     </span>
     <span class='ocr_line' id='line_1_25' title="bbox 113 3212 1135 3295; baseline -0.004 -16"><span class='ocrx_word' id='word_1_175' title='bbox 113 3217 240 3280; x_wconf 89' lang='lat' dir='ltr'><strong>seeretis</strong></span> <span class='ocrx_word' id='word_1_176' title='bbox 255 3213 454 3277; x_wconf 84' lang='lat' dir='ltr'><strong>sermonibus</strong></span> <span class='ocrx_word' id='word_1_177' title='bbox 472 3214 592 3276; x_wconf 88' lang='lat' dir='ltr'><strong>animos</strong></span> <span class='ocrx_word' id='word_1_178' title='bbox 608 3225 784 3276; x_wconf 91' lang='lat' dir='ltr'><strong>ceterorum</strong></span> <span class='ocrx_word' id='word_1_179' title='bbox 800 3212 941 3276; x_wconf 89' lang='lat' dir='ltr'><strong>scrutari.</strong></span> <span class='ocrx_word' id='word_1_180' title='bbox 982 3212 1039 3276; x_wconf 91' lang='lat' dir='ltr'><strong>ubi</strong></span> <span class='ocrx_word' id='word_1_181' title='bbox 1054 3232 1135 3295; x_wconf 91' lang='lat' dir='ltr'><strong>quos</strong></span> 
     </span>
     <span class='ocr_line' id='line_1_26' title="bbox 112 3327 1136 3407; baseline -0.003 -13"><span class='ocrx_word' id='word_1_182' title='bbox 112 3330 246 3396; x_wconf 89' lang='lat' dir='ltr'><strong>idoneos</strong></span> <span class='ocrx_word' id='word_1_183' title='bbox 283 3332 435 3392; x_wconf 90' lang='lat' dir='ltr'><strong>rebantur</strong></span> <span class='ocrx_word' id='word_1_184' title='bbox 468 3330 657 3393; x_wconf 89' lang='lat' dir='ltr'><strong>conscientia</strong></span> <span class='ocrx_word' id='word_1_185' title='bbox 690 3328 905 3407; x_wconf 87' lang='lat' dir='ltr'><strong>obstrinxere,</strong></span> <span class='ocrx_word' id='word_1_186' title='bbox 940 3327 976 3389; x_wconf 92' lang='lat' dir='ltr'><strong>in</strong></span> <span class='ocrx_word' id='word_1_187' title='bbox 1011 3330 1136 3392; x_wconf 86' lang='lat' dir='ltr'><strong>colonia</strong></span> 
     </span>
     <span class='ocr_line' id='line_1_27' title="bbox 113 3443 1136 3528; baseline 0 -20"><span class='ocrx_word' id='word_1_188' title='bbox 113 3445 327 3528; x_wconf 83' lang='lat' dir='ltr'><strong>agrippinensi</strong></span> <span class='ocrx_word' id='word_1_189' title='bbox 342 3446 378 3506; x_wconf 90' lang='lat' dir='ltr'><strong>in</strong></span> <span class='ocrx_word' id='word_1_190' title='bbox 397 3443 526 3507; x_wconf 90' lang='lat' dir='ltr'><strong>domum</strong></span> <span class='ocrx_word' id='word_1_191' title='bbox 547 3446 700 3527; x_wconf 84' lang='lat' dir='ltr'><strong>privatam</strong></span> <span class='ocrx_word' id='word_1_192' title='bbox 720 3444 921 3507; x_wconf 85' lang='lat' dir='ltr'><strong>conveniunt.</strong></span> <span class='ocrx_word' id='word_1_193' title='bbox 964 3466 1037 3507; x_wconf 89' lang='lat' dir='ltr'><strong>nam</strong></span> <span class='ocrx_word' id='word_1_194' title='bbox 1053 3447 1136 3526; x_wconf 88' lang='lat' dir='ltr'><strong>pub·</strong></span> 
     </span>
     <span class='ocr_line' id='line_1_28' title="bbox 113 3557 1135 3639; baseline -0.006 -16"><span class='ocrx_word' id='word_1_195' title='bbox 113 3561 173 3624; x_wconf 89' lang='lat' dir='ltr'><strong>lice</strong></span> <span class='ocrx_word' id='word_1_196' title='bbox 195 3560 304 3623; x_wconf 80' lang='lat' dir='ltr'><strong>civitas</strong></span> <span class='ocrx_word' id='word_1_197' title='bbox 326 3558 447 3620; x_wconf 77' lang='lat' dir='ltr'><strong>‘talibus</strong></span> <span class='ocrx_word' id='word_1_198' title='bbox 475 3557 606 3639; x_wconf 84' lang='lat' dir='ltr'><strong>inceptis</strong></span> <span class='ocrx_word' id='word_1_199' title='bbox 635 3559 837 3620; x_wconf 89' lang='lat' dir='ltr'><strong>abhorrebat.</strong></span> <span class='ocrx_word' id='word_1_200' title='bbox 879 3569 1014 3619; x_wconf 88' lang='lat' dir='ltr'><strong>attamen</strong></span> <span class='ocrx_word' id='word_1_201' title='bbox 1037 3557 1135 3620; x_wconf 88' lang='lat' dir='ltr'><strong>inter·</strong></span> 
     </span>
     <span class='ocr_line' id='line_1_29' title="bbox 112 3670 1136 3757; baseline -0.002 -22"><span class='ocrx_word' id='word_1_202' title='bbox 112 3674 205 3736; x_wconf 83' lang='lat' dir='ltr'><strong>fuere</strong></span> <span class='ocrx_word' id='word_1_203' title='bbox 239 3672 367 3757; x_wconf 89' lang='lat' dir='ltr'><strong>quidam</strong></span> <span class='ocrx_word' id='word_1_204' title='bbox 398 3672 556 3735; x_wconf 89' lang='lat' dir='ltr'><strong>Ubiorum</strong></span> <span class='ocrx_word' id='word_1_205' title='bbox 584 3675 860 3757; x_wconf 89' lang='lat' dir='ltr'><strong>Tungrorumque.</strong></span> <span class='ocrx_word' id='word_1_206' title='bbox 913 3670 968 3735; x_wconf 89' lang='lat' dir='ltr'><strong>sed</strong></span> <span class='ocrx_word' id='word_1_207' title='bbox 999 3673 1136 3755; x_wconf 86' lang='lat' dir='ltr'><strong>plurima</strong></span> 
     </span>
     <span class='ocr_line' id='line_1_30' title="bbox 113 3786 1135 3869; baseline -0.005 -19"><span class='ocrx_word' id='word_1_208' title='bbox 113 3788 163 3850; x_wconf 81' lang='lat' dir='ltr'><strong>vis</strong></span> <span class='ocrx_word' id='word_1_209' title='bbox 183 3808 279 3869; x_wconf 88' lang='lat' dir='ltr'><strong>penes</strong></span> <span class='ocrx_word' id='word_1_210' title='bbox 294 3786 450 3850; x_wconf 86' lang='lat' dir='ltr'><strong>Treveros</strong></span> <span class='ocrx_word' id='word_1_211' title='bbox 472 3808 508 3848; x_wconf 89' lang='lat' dir='ltr'><strong>ac</strong></span> <span class='ocrx_word' id='word_1_212' title='bbox 527 3786 697 3867; x_wconf 89' lang='lat' dir='ltr'><strong>Lingonas.</strong></span> <span class='ocrx_word' id='word_1_213' title='bbox 738 3786 806 3850; x_wconf 89' lang='lat' dir='ltr'><strong>Nec</strong></span> <span class='ocrx_word' id='word_1_214' title='bbox 822 3788 922 3849; x_wconf 90' lang='lat' dir='ltr'><strong>tulere</strong></span> <span class='ocrx_word' id='word_1_215' title='bbox 938 3805 1042 3848; x_wconf 89' lang='lat' dir='ltr'><strong>moras</strong></span> <span class='ocrx_word' id='word_1_216' title='bbox 1060 3805 1135 3848; x_wconf 89' lang='lat' dir='ltr'><strong>con·</strong></span> 
     </span>
     <span class='ocr_line' id='line_1_31' title="bbox 112 3900 1136 3984; baseline -0.005 -18"><span class='ocrx_word' id='word_1_217' title='bbox 112 3902 261 3974; x_wconf 77' lang='lat' dir='ltr'><strong>cultandi·</strong></span> <span class='ocrx_word' id='word_1_218' title='bbox 314 3903 452 3965; x_wconf 89' lang='lat' dir='ltr'><strong>certatim</strong></span> <span class='ocrx_word' id='word_1_219' title='bbox 481 3903 676 3984; x_wconf 89' lang='lat' dir='ltr'><strong>proclamant</strong></span> <span class='ocrx_word' id='word_1_220' title='bbox 705 3903 812 3964; x_wconf 75' lang='lat' dir='ltr'><strong>iurem</strong></span> <span class='ocrx_word' id='word_1_221' title='bbox 840 3900 1002 3976; x_wconf 85' lang='lat' dir='ltr'><strong>discordiis</strong></span> <span class='ocrx_word' id='word_1_222' title='bbox 1031 3921 1136 3983; x_wconf 90' lang='lat' dir='ltr'><strong>popu·</strong></span> 
     </span>
     <span class='ocr_line' id='line_1_32' title="bbox 111 4015 1136 4098; baseline -0.005 -18"><span class='ocrx_word' id='word_1_223' title='bbox 111 4020 182 4080; x_wconf 91' lang='lat' dir='ltr'><strong>lum</strong></span> <span class='ocrx_word' id='word_1_224' title='bbox 201 4019 385 4094; x_wconf 86' lang='lat' dir='ltr'><strong>romanum&#39;,</strong></span> <span class='ocrx_word' id='word_1_225' title='bbox 416 4038 520 4079; x_wconf 89' lang='lat' dir='ltr'><strong>caesas</strong></span> <span class='ocrx_word' id='word_1_226' title='bbox 540 4019 695 4098; x_wconf 87' lang='lat' dir='ltr'><strong>legiones,</strong></span> <span class='ocrx_word' id='word_1_227' title='bbox 727 4029 877 4080; x_wconf 88' lang='lat' dir='ltr'><strong>vastatam</strong></span> <span class='ocrx_word' id='word_1_228' title='bbox 897 4018 1036 4093; x_wconf 87' lang='lat' dir='ltr'><strong>Italiam,</strong></span> <span class='ocrx_word' id='word_1_229' title='bbox 1065 4015 1136 4096; x_wconf 89' lang='lat' dir='ltr'><strong>capi</strong></span> 
     </span>
     <span class='ocr_line' id='line_1_33' title="bbox 114 4129 1135 4217; baseline -0.006 -20"><span class='ocrx_word' id='word_1_230' title='bbox 114 4156 188 4197; x_wconf 86' lang='lat' dir='ltr'><strong>cum</strong></span> <span class='ocrx_word' id='word_1_231' title='bbox 208 4134 342 4197; x_wconf 77' lang='lat' dir='ltr'><strong>maxims</strong></span> <span class='ocrx_word' id='word_1_232' title='bbox 362 4136 483 4211; x_wconf 87' lang='lat' dir='ltr'><strong>urbem,</strong></span> <span class='ocrx_word' id='word_1_233' title='bbox 501 4154 610 4198; x_wconf 88' lang='lat' dir='ltr'><strong>omnes</strong></span> <span class='ocrx_word' id='word_1_234' title='bbox 632 4133 785 4198; x_wconf 85' lang='lat' dir='ltr'><strong>exercitus</strong></span> <span class='ocrx_word' id='word_1_235' title='bbox 804 4132 869 4195; x_wconf 88' lang='lat' dir='ltr'><strong>suis</strong></span> <span class='ocrx_word' id='word_1_236' title='bbox 887 4152 1044 4217; x_wconf 88' lang='lat' dir='ltr'><strong>quemque</strong></span> <span class='ocrx_word' id='word_1_237' title='bbox 1067 4129 1135 4191; x_wconf 88' lang='lat' dir='ltr'><strong>bel·</strong></span> 
     </span>
    </p>
   </div>
   <div class='ocr_carea' id='block_1_4' title="bbox 0 0 1480 4775">
    <p class='ocr_par' dir='ltr' id='par_1_5' title="bbox 0 0 1480 4775">
     <span class='ocr_line' id='line_1_34' title="bbox 0 0 1480 4775; baseline 0 0"><span class='ocrx_word' id='word_1_238' title='bbox 0 0 1480 4775; x_wconf 95' lang='lat' dir='ltr'><strong> </strong></span> 
     </span>
    </p>
   </div>
  </div>
 </body>
</html>
