2950 4775
514 371 578 440 EX
599 372 836 442 HISTORIIS
1135 379 1181 447 7⁷

243 548 288 627 (a.
309 542 367 633 69)
393 544 535 610 Turbata
556 569 615 631 per
642 542 775 612 eosdem
796 547 862 612 dies
884 547 1052 612 Germania
1073 560 1104 613 et
1127 569 1179 614 eo·
1193 561 1267 626 alo

157 663 267 730 cordia
286 663 419 742 ducum,
448 663 600 727 seditione
619 665 796 745 legionum,
819 664 1019 747 externari,
1046 667 1178 751 perfidie

157 783 265 848 sociali
285 803 386 866 prope
415 780 530 845 afflicta
551 801 684 846 romana
710 802 773 844 res.
812 782 846 845 id
870 785 987 846 bellum
1009 805 1079 847 cum
1102 804 1177 849 cau·

157 901 199 965 sis
229 912 259 963 et
287 898 450 963 eventibus
484 896 613 983 (etenim
640 888 765 980 longius
795 911 980 981 provectum
1008 897 1067 984 est)
1098 921 1176 965 mox

156 1006 410 1078 memorabimus.

241 1126 285 1214 (a.
297 1124 353 1212 69)
369 1125 538 1207 intersepta
552 1122 783 1188 Germanorum
800 1120 1034 1210 Raetorumque
1046 1126 1174 1191 auxilie.
1187 1138 1260 1203 uba

240 1241 284 1325 (a.
301 1241 356 1325 69)
379 1238 485 1304 Isdem
509 1238 622 1302 diebus
643 1232 761 1303 Fabius
784 1240 904 1303 Valens
925 1237 1041 1303 Urbini
1063 1241 1096 1304 in
1120 1263 1174 1304 cu·
1187 1243 1260 1307 3,θῖ

154 1356 255 1423 studia
270 1353 464 1420 interficitur.
502 1350 597 1438 caput
612 1360 679 1435 ejus
691 1354 858 1435 vitellianis
873 1355 1055 1421 cohortibus
1068 1368 1173 1419 osten-

151 1484 269 1552 tatum,
297 1493 339 1534 ne
363 1492 459 1554 quam
484 1471 568 1533 ultra
594 1490 681 1554 spem
707 1460 871 1536 foverentt
902 1491 976 1534 nam
997 1471 1171 1553 pervasisse

151 1586 187 1647 in
209 1581 393 1648 Germanias
414 1585 581 1647 Valentem
605 1596 637 1646 et
663 1594 784 1649 veteres
809 1584 873 1647 illic
894 1603 1058 1666 novosque
1080 1602 1172 1646 exer·

150 1702 229 1764 citus
246 1702 327 1765 ciere
347 1698 526 1764 credebant.
568 1700 635 1763 visa
651 1697 745 1762 caede
762 1690 805 1759 in¹
816 1696 1063 1781 desperationem
1077 1699 1170 1766 versi.

234 1809 280 1898 (a.
301 1808 358 1898 69)
382 1810 485 1877 Isdem
510 1810 621 1876 diebus
650 1804 895 1875 crebrescentem
924 1809 1019 1876 cladis
1047 1832 1167 1892 germa·
1184 1818 1255 1890 4,1n

148 1926 237 1990 nicae
258 1929 372 1991 famam
391 1948 592 2014 nequaquem
614 1940 734 1992 moesta
755 1928 861 1990 civitas
884 1927 1073 2009 excipiebat:
1097 1950 1166 1991 cae·

147 2063 201 2106 sos
222 2043 387 2121 exercitus,
408 2055 496 2125 capta
518 2044 676 2125 legionum
697 2030 839 2121 hiberna,
865 2040 1029 2107 descivisse
1050 2042 1166 2106 Gallias

146 2177 214 2220 non
236 2170 274 2220 ut
293 2159 372 2219 mala
392 2154 613 2242 loquebantur.
655 2156 694 2220 Id
713 2159 831 2221 bellum
853 2157 968 2241 quibus
990 2159 1090 2222 causis
1103 2144 1165 2222 ⁴or-

142 2281 228 2345 tum,
262 2283 380 2352 quanto
416 2283 615 2333 externarum
650 2270 869 2355 sociarumque
902 2274 1040 2352 gentium
1075 2284 1165 2336 motu

142 2384 320 2466 flagraverit
341 2388 432 2450 ultius
455 2386 641 2469 expendam.
683 2386 812 2465 Batavi,
843 2383 943 2452 donec
966 2404 1053 2453 trans
1079 2389 1164 2452 Rhe·

143 2520 221 2562 num
242 2502 383 2581 agebant,
404 2520 477 2583 pars
500 2487 695 2577 Chattorum,
719 2499 872 2564 seditione
892 2485 1061 2564 domestica
1082 2502 1166 2585 pulsi

144 2628 282 2678 extrema
313 2616 440 2695 gallicae
469 2634 559 2695 orae,
598 2633 697 2677 vacua
727 2615 900 2676 cultoribus
927 2614 1082 2699 simulque
1113 2615 1164 2677 in-

139 2731 241 2792 sulam
269 2732 352 2793 inter
374 2727 455 2793 vada
481 2717 571 2791 sitam
599 2749 808 2810 occupavere,
837 2748 931 2812 quem
958 2750 1044 2791 mare
1071 2749 1162 2792 ocea-

138 2863 217 2904 num
237 2865 256 2904 a
277 2844 411 2916 fronte,
429 2842 559 2904 Rhenus
583 2842 682 2904 omnis
704 2853 825 2921 tergum
853 2863 888 2904 ac
908 2843 1006 2904 latera
1029 2843 1161 2906 circum-

136 2956 217 3021 luitt
244 2977 301 3018 nec
326 2957 438 3036 opibus
456 2956 595 3017 romanie
615 2955 761 3018 societate
783 2953 971 3019 validiorum
993 2956 1091 3017 attriti
1112 2956 1160 3021 vi·

134 3088 191 3132 ros
211 3079 331 3131 tantum
353 3088 502 3150 armaque
524 3067 658 3148 imperio
681 3066 878 3147 ministrant,
899 3066 954 3131 diu
974 3043 1158 3147 germanicis

135 3183 227 3246 bellis
253 3184 397 3261 exerciti,
425 3202 502 3245 mox
531 3193 700 3264 suctaper
719 3183 916 3247 Britanniam
935 3185 1035 3265 gloria
1053 3195 1158 3245 usne-

133 3293 236 3359 missis
252 3291 331 3359 'illuc
351 3296 552 3373 cohortibus,
582 3315 661 3378 quas
681 3307 788 3359 vetere
807 3298 948 3363 instituto
969 3287 1156 3362 nobilissimi

131 3413 333 3496 popularium
350 3415 508 3493 regebant.
550 3422 663 3473 enatet
679 3409 766 3474 domi
783 3410 918 3476 delectus
935 3436 1040 3498 eques,
1061 3435 1154 3497 prae·
1224 3433 1229 3440 ·

130 3526 223 3608 cipue
239 3523 338 3589 nandi
355 3524 470 3603 studio,
492 3545 578 3586 arms
600 3545 761 3607 equosque
780 3525 919 3589 retinens
938 3527 1066 3608 integris
1085 3513 1153 3589 tur·

128 3643 188 3704 mis
210 3643 357 3705 Rhenum
376 3661 591 3723 perrumpere.

215 3757 315 3820 Julius
334 3757 451 3819 Paulus
475 3769 506 3821 et
525 3753 674 3818 Claudius
699 3753 808 3818 Civilis
828 3752 914 3833 regia
933 3752 1028 3835 stirpe
1049 3755 1149 3818 multo
1163 3785 1234 3849 ΜΒ

127 3880 249 3933 eeteros
269 3870 438 3934 anteibant
484 3869 618 3931 Paulum
639 3868 789 3945 Fontejus
812 3865 924 3947 Capito
944 3868 1025 3930 falso
1046 3869 1149 3930 rebel·

124 3978 372 4046 lionis'crimine
395 3982 560 4045 interfecit.
601 3983 731 4060 iniectae
755 3978 848 4044 civili
873 3992 999 4043 catenae
1019 3980 1148 4044 missus·

38 4099 40 4102 ’
125 4071 190 4182 que
218 4097 258 4162 ad
286 4099 464 4176 Neronem,
497 4110 529 4161 et
555 4118 575 4160 a
600 4096 701 4160 Galba
728 4096 908 4175 absolutus,
937 4097 996 4158 sub
1017 4095 1145 4159 Vitellio
