2950 4775
337 390 401 461 1oe
690 387 753 458 EX
777 388 1010 460 HISTORIIS

334 578 552 652 pensarentur.
602 564 740 631 Cerialis
754 588 774 629 a
795 576 883 629 metu
902 565 1066 643 infamiae,
1094 564 1122 628 si
1140 562 1267 629 licentia
1288 584 1364 628 sae·

334 681 475 766 vitiaque
504 682 645 746 tarbuam
674 681 806 745 militem
838 679 1036 761 crederetur,
1066 681 1179 764 pressit
1208 680 1291 745 irasc
1329 692 1365 744 et

334 819 470 881 paruere
503 796 607 880 posito
638 796 754 863 civium
789 800 872 869 bello
906 795 947 861 ad
978 810 1109 861 externa
1139 795 1361 862 modestiores.

334 912 498 979 Convertit
519 910 593 977 inde
613 913 735 979 animos
759 913 928 978 accitarum
952 934 969 978 e
989 911 1236 979 Mediomantcia
1256 913 1362 994 legio·

333 1048 412 1090 num
444 1027 629 1092 miserabilis
661 1042 815 1112 aspectus.
870 1032 995 1095 atabsnt
1029 1028 1217 1095 conscientia
1246 1027 1377 1111 flagitii¹
1462 1024 1463 1041 ²

335 1153 470 1206 moestae
499 1140 572 1206 fixis
600 1143 636 1205 in
665 1156 783 1209 terram
815 1146 924 1209 oculis.
975 1145 1063 1210 nulla
1096 1144 1179 1208 inter
1207 1158 1361 1208 coeuntes

334 1256 490 1320 exercitus
518 1255 733 1321 consalutatio.
776 1278 880 1343 neque
910 1259 1086 1322 solantibus
1113 1258 1358 1322 hortantibusve

333 1391 486 1452 responsa
514 1369 631 1434 dabant
660 1369 758 1435 abditi
779 1393 837 1453 per
856 1373 992 1435 tentoria
1013 1385 1045 1433 et
1064 1372 1166 1433 lucem
1185 1370 1287 1452 ipsam
1307 1369 1360 1433 vi·
1463 1374 1464 1445 ἶ

333 1495 445 1553 tantos.
494 1484 560 1547 Nec
581 1484 715 1567 proinde
735 1486 912 1568 periculum
934 1496 989 1548 aut
1010 1497 1112 1548 metus
1133 1506 1229 1568 quam
1249 1482 1358 1567 pudor

334 1618 369 1658 ac
404 1595 539 1660 dedecus
571 1598 838 1679 obstupefecerat,
875 1599 1014 1664 attonitis
1047 1599 1140 1663 etiam
1171 1598 1356 1677 uictoribus,

335 1711 392 1795 qui
411 1733 522 1777 vocem
547 1733 717 1796 precesque
744 1712 895 1777 adbibere
920 1736 987 1778 non
1008 1715 1077 1779 auti
1100 1713 1236 1781 lacrimis
1253 1737 1289 1778 ac
1308 1713 1356 1777 si·

333 1826 431 1890 leutio
459 1825 584 1890 veniam
613 1829 802 1909 poscebant,
835 1825 935 1891 donec
957 1826 1087 1892 Cerialis
1111 1830 1261 1893 mulceret
1285 1829 1357 1892 ani·

335 1961 403 2004 mos
429 1943 493 2005 fato
515 1953 582 2005 acta
603 1938 747 2005 dictitans
774 1962 856 2025 quse
878 1941 1012 2005 militum
1037 1941 1214 2028 ducumque
1236 1940 1357 2007 discor·
1461 1974 1465 1983 =

334 2053 387 2117 dia
408 2057 461 2119 vel
489 2052 600 2117 fraude
628 2054 767 2118 bostium
788 2055 973 2120 evenissent.
1015 2056 1154 2138 primum
1181 2056 1271 2121 illum
1300 2055 1357 2119 sti·
1465 2116 1466 2143 ,

333 2167 522 2252 pendiorum
550 2183 581 2232 et
609 2172 795 2234 sacramenti
823 2169 904 2234 diem
935 2172 1101 2235 baberent.
1142 2171 1287 2253 priorum
1306 2171 1356 2233 Ia·

332 2282 476 2353 cinorum
495 2305 599 2367 neque
617 2284 840 2366 imperatorem
858 2305 963 2369 neque
982 2305 1016 2348 se
1035 2284 1221 2349 meminisse.
1261 2283 1356 2348 Tunc

333 2399 452 2483 recepti
477 2398 512 2462 in
542 2395 651 2462 cadem
678 2413 795 2478 castra,
827 2411 858 2464 et
883 2399 1017 2465 edictum
1036 2422 1095 2484 per
1112 2399 1292 2483 manipulos
1311 2418 1356 2460 ne

332 2515 403 2598 quis
423 2515 457 2577 in
479 2514 648 2577 certamine
672 2515 816 2597 iurgiove
842 2515 1028 2581 seditionem
1048 2528 1103 2580 aut
1126 2512 1246 2580 cladem
1266 2533 1357 2581 com·

330 2628 467 2692 militoni
491 2629 669 2723 objectaret.

248 2754 318 2818 42⁷³
415 2746 497 2807 Mox
518 2745 676 2808 Treveros
705 2765 742 2806 ac
762 2744 922 2826 Lingonas
950 2741 991 2807 ad
1018 2744 1202 2808 concionem
1224 2752 1356 2810 vocatos

330 2864 375 2927 ita
401 2861 590 2945 alloquitur:
623 2862 737 2945 ‘neque
766 2882 822 2942 ego
851 2882 994 2945 unquam
1021 2860 1199 2926 facundiam
1225 2859 1357 2926 exercui

331 2991 363 3043 ct
389 2978 501 3062 populi
530 2976 655 3040 romani
682 2978 831 3041 virtutem
859 2977 954 3040 armis
985 2975 1150 3042 affirmati.
1191 2975 1247 3042 sed
1275 2976 1356 3062 quia

331 3089 417 3175 apud
434 3111 490 3157 vos
509 3092 606 3156 verba
626 3089 799 3173 plurimum
818 3090 934 3171 valent,
956 3092 1104 3176 bonaque
1127 3114 1162 3155 ao
1181 3091 1264 3154 mala
1284 3112 1354 3154 non

330 3221 387 3265 sua
407 3215 522 3266 natura
542 3197 598 3264 sed
618 3200 749 3265 vocibus
769 3198 990 3264 seditiosorum
1010 3201 1230 3281 aestimantur,
1256 3200 1354 3265 statui

328 3337 430 3399 pauca
454 3314 625 3394 disserere,
656 3334 738 3397 quae
764 3312 932 3396 profligato
960 3315 1046 3378 bello
1072 3315 1179 3378 utilius
1198 3314 1240 3378 sit
1258 3309 1353 3379 robis

329 3428 454 3493 audisse
483 3450 580 3513 quam
608 3431 699 3492 nobis
731 3427 858 3493 dixisse.
907 3429 1040 3493 Terram
1068 3442 1202 3496 vestram
1231 3442 1354 3493 cetero-

328 3567 465 3630 rumque
497 3545 661 3608 Gallorum
691 3546 824 3626 ingressi
853 3557 928 3608 aunt
960 3545 1054 3610 duces
1084 3545 1353 3629 imperatoresque

327 3663 452 3725 romani
472 3661 560 3724 nulla
581 3659 746 3744 cupidine,
770 3659 826 3724 sed
848 3661 1021 3740 majoribus
1042 3663 1153 3728 vestris
1173 3663 1352 3727 invocanti-

327 3779 406 3855 but,
435 3795 516 3859 quos
541 3773 716 3837 discordiae
743 3795 844 3860 usque
875 3774 916 3839 ad
941 3775 1071 3844 exitium
1097 3777 1285 3857 fatigabant:
1318 3792 1353 3841 et

328 3892 418 3954 acciti
454 3891 574 3954 anaxilio
608 3890 759 3953 Germani
794 3891 886 3960 sociis
921 3892 1040 3975 pariter
1072 3904 1168 3975 atque
1202 3891 1351 3956 hostibus

328 4006 508 4070 servitutem
536 4002 760 4088 imposuerant.
810 4021 888 4091 quot
920 4007 1048 4090 proeliis
1082 4006 1231 4071 adversus
1262 4004 1352 4070 Cinr·

328 4127 402 4186 bros
423 4122 665 4206 Teutonosque,
695 4125 821 4207 quantis
843 4125 1036 4189 exercituum
1057 4139 1237 4191 nostrorum
1257 4125 1352 4188 tabo-
