2950 4775
321 350 364 417 tt
670 340 735 413 lux
754 342 989 413 HISTORIIS

318 520 515 604 intemperie,
535 541 613 604 quas
625 514 651 582 'a
669 512 793 602 legione
814 533 925 606 quarta
944 519 1084 598 decuma,
1106 532 1255 603 utsupra
1272 539 1339 583 me-

319 637 529 715 moravimus,
558 634 710 716 digressas
741 635 893 700 exercitui
921 656 979 697 suo
1000 633 1117 699 Fabius
1136 635 1255 698 Valens
1282 634 1341 698 ad·

319 755 474 829 junxerat.
515 750 616 830 jurgia
644 742 798 831 primum,
830 768 907 811 mox
933 748 1006 811 rixa
1032 748 1115 810 inter
1139 749 1277 812 Batavos
1308 760 1341 810 et

318 864 524 944 legionarios,
547 863 623 926 dum
643 864 692 926 his
719 854 781 927 aut
798 862 860 925 illis
884 860 987 925 studia
1010 861 1144 924 militum
1169 882 1340 943 aggregan-

319 989 388 1054 tur,
408 997 509 1059 prope
530 977 565 1040 in
585 975 742 1059 proelium
762 995 922 1053 exarsere,
945 975 979 1037 ni
995 975 1112 1038 Valens
1139 974 1340 1040 animadver-

318 1094 407 1154 sIone
422 1111 596 1173 paucorum
612 1091 725 1152 oblitos
741 1095 804 1168 jam
821 1090 957 1152 Batavos
972 1089 1096 1170 imperii
1115 1087 1340 1153 admonuisset.
1354 1124 1357 1131 .

232 1217 304 1282 2,ss
402 1204 445 1289 (a.
467 1202 523 1291 69)
545 1250 584 1269 ..
610 1206 753 1268 irritabat
780 1204 856 1289 quin
886 1202 979 1265 etiam
1002 1205 1139 1268 Batavos
1160 1204 1340 1266 Transrhe-

318 1341 481 1403 nanosque
502 1318 607 1382 Padus
626 1318 711 1402 ipse,
739 1340 833 1403 quem
859 1332 987 1402 repente
1014 1334 1123 1383 contra
1143 1323 1337 1383 Placentiam

315 1433 530 1515 transgressi.
556 1478 566 1497 .
587 1476 597 1496 .

231 1555 304 1620 232
401 1549 548 1627 ingerunt
578 1544 713 1629 desuper
742 1543 915 1611 Othoniani
941 1546 1006 1627 pila
1037 1547 1150 1609 librato
1179 1544 1275 1625 magis
1294 1538 1337 1607 vet

317 1675 403 1724 certo
432 1662 495 1724 ictu
525 1658 674 1724 adversus
698 1668 814 1721 temere
843 1659 1011 1722 subeuntes
1037 1661 1180 1722 cohortes
1203 1657 1337 1720 Germa·
1387 1677 1391 1685 ’

316 1796 448 1856 norum,
481 1770 574 1839 cantu
601 1776 683 1844 trum
710 1787 742 1842 et
766 1772 861 1855 [more
892 1775 995 1857 patrio
1026 1775 1119 1840 nudis
1149 1775 1337 1858 corporibus

315 1907 412 1971 super
432 1890 582 1951 humeros
600 1900 687 1951 scuta
709 1887 927 1973 quatientium.

231 2013 303 2077 κεῖ
399 2000 440 2088 (a.
462 1999 924 2087 69)'Coh0uesBatavon1m,
951 2022 1030 2089 quas
1050 2002 1135 2066 bello
1156 2001 1295 2066 Neronis
1317 2023 1337 2064 a

315 2129 428 2201 quarta
449 2115 580 2178 decuma
599 2115 722 2195 legione
744 2113 913 2196 digressae,
943 2137 1042 2199 quum
1062 2116 1258 2179 Britanniam
1279 2137 1338 2199 pe·

315 2240 432 2308 terent,
459 2227 566 2291 audito
587 2227 709 2291 Vitellii
727 2240 816 2292 motu
836 2229 870 2291 in
890 2229 1013 2293 civitate
1033 2229 1214 2310 Lingonum
1233 2225 1337 2295 Fabio

314 2345 443 2408 Valenti
465 2344 625 2425 adjunctas
646 2343 832 2423 rettulimus,
855 2347 990 2427 superbe
1010 2347 1151 2426 agebant,
1172 2357 1209 2408 ut
1231 2346 1338 2423 cujus·

316 2481 378 2543 que
399 2458 530 2540 legionis
549 2459 685 2521 tentoria
706 2459 921 2537 accessissent,
943 2459 1092 2523 coercitos
1113 2482 1132 2521 a
1153 2479 1186 2522 se
1208 2470 1338 2543 quarta·

315 2563 521 2652 decumanos,
550 2576 686 2638 ablatam
706 2574 829 2638 Neroni
849 2575 971 2637 Italiam
995 2587 1088 2660 atque
1113 2597 1239 2641 omnem
1259 2574 1338 2639 belli

315 2690 474 2752 fortunam
498 2688 532 2749 in
559 2688 701 2767 ipsorum
726 2709 821 2749 manu
851 2690 943 2752 sitam
968 2694 1127 2768 jactantes.
1151 2683 1336 2754 contume-

313 2804 428 2866 liosum
452 2802 486 2864 id
499 2803 674 2880 militibus,
699 2804 848 2864 acerbum
869 2801 960 2880 duci,
981 2816 1131 2886 corrupta
1151 2804 1259 2885 jurgiis
1280 2817 1336 2867 aut

312 2897 392 2979 rixis
407 2914 579 2996 disciplina,
600 2913 640 2976 ad
659 2926 852 2996 postremum
869 2915 988 2979 Valens
1009 2939 1026 2980 e
1046 2918 1220 3000 petulantia
1239 2919 1335 2981 etiam

312 3028 476 3112 perfidiam
497 3030 704 3111 suspectabat.

230 3151 302 3218 aas
397 3143 497 3224 Igitur
517 3143 629 3206 nuntio
651 3145 746 3207 allato
769 3147 894 3225 pulsam
907 3114 1121 3208 ¹Treverorum
1142 3145 1224 3208 alam
1242 3145 1350 3208 Tun-¹

311 3277 447 3340 grosque
469 3280 487 3318 a
512 3260 608 3319 classe
631 3255 767 3322 Othonis
796 3270 828 3321 et
855 3260 1088 3321 narbonensem
1111 3253 1246 3322 Galliam
1273 3255 1350 3321 etr-'
1454 3279 1455 3316 t

312 3372 441 3447 cumiri,
464 3370 557 3432 simul
578 3364 652 3433 cura
673 3371 775 3435 socios
797 3368 909 3432 tuendi
931 3383 961 3432 et
979 3371 1107 3435 militari
1127 3385 1195 3434 astu
1215 3367 1333 3434 cobor-

311 3498 359 3548 tes
381 3483 522 3548 turbidas
550 3506 603 3562 ac,
631 3484 744 3547 sinna
765 3485 887 3564 forent,
909 3483 1103 3566 praevalidas
1124 3474 1334 3566 dispergendi,

310 3612 433 3679 partem
455 3599 647 3662 Batavorum
674 3597 721 3661 ire
752 3598 786 3659 in
817 3599 991 3663 subsidium
1019 3601 1118 3678 jubet.
1166 3596 1254 3682 quod
1275 3601 1333 3662 ubi

312 3710 451 3772 auditum
471 3714 711 3792 vulgatumque,
742 3730 884 3775 moerere
907 3713 1000 3791 socii,
1030 3713 1163 3773 fremere
1183 3710 1333 3791 legiones.

228 3830 299 3891 2³2
397 3822 428 3901 *)
443 3825 622 3887 Exercitum
637 3824 758 3887 Vitellii
776 3826 959 3890 universum
980 3823 1152 3904 advenisse,
1172 3845 1231 3887 nec
1244 3821 1333 3887 'mul-

316 3978 500 3990 -ι--α--ηι-
507 3983 752 3992 -οιο-αο--ηο-..ιηω

364 4063 392 4132 *)
412 4065 490 4118 verba
509 4068 627 4120 Suetonii
646 4069 758 4123 PauIInI.
