2950 4775
323 380 374 448 90
679 378 743 445 EX
763 375 999 447 HISTORIIS

328 553 413 615 intra
430 562 541 639 ¹castra
568 548 824 616 effundebantur.
873 550 981 615 Ci'vilis'
1008 546 1122 612 omissa
1149 542 1357 629 oppugnandi

329 688 385 749 spe
415 687 525 729 rursus
557 688 618 748 per
652 667 752 731 otium
787 664 943 730 assidebat
972 662 1091 728 nuntiis
1124 674 1156 724 et
1189 658 1356 743 promissis

329 782 423 847 fidem
443 782 602 864 legionum
623 787 814 848 convellens.

244 906 313 969 4,31
413 898 499 959 Haec
521 897 556 960 in
577 896 747 960 Germania
767 909 839 961 ante
860 913 1063 958 cremonense
1083 891 1242 975 proelium
1258 902 1358 971 gesta,

329 1015 417 1091 cujus
450 1023 596 1077 eventum
628 1014 737 1077 literae
772 1012 871 1077 Primi
907 1009 1038 1073 Antonii
1073 1005 1210 1070 docuere
1244 1001 1354 1069 addito

330 1125 481 1188 Caecinae
513 1124 624 1191 edicto.
666 1139 697 1189 et
723 1125 900 1209 praelectus
932 1122 1069 1185 cohortis
1096 1141 1113 1182 e
1142 1117 1232 1184 victis
1261 1115 1355 1199 Alpi·

329 1237 401 1302 nius
434 1239 607 1302 Montanus
641 1240 801 1304 fortunam
834 1239 971 1322 partium
1003 1255 1152 1320 praesens
1186 1234 1357 1296 fatebatur.

328 1352 456 1417 Diversi
477 1354 550 1416 hinc
577 1366 680 1417 motus
708 1353 897 1415 animorum.
939 1352 1057 1413 auxilia
1085 1371 1102 1411 e
1132 1346 1251 1421 Gallia,
1280 1344 1355 1428 quis
1460 1376 1461 1389 π

324 1446 388 1527 ⁴nec
411 1488 501 1529 amor
526 1487 630 1549 neque
652 1464 761 1529 odium
782 1467 816 1528 in
838 1476 959 1547 partes,
988 1463 1117 1525 militiae
1138 1463 1205 1524 sine
1227 1461 1354 1535 affectu,

328 1582 527 1646 hortantibus
546 1582 711 1663 praelectis
732 1583 837 1644 statim
858 1604 878 1644 a
894 1581 1024 1643 Vitellio
1046 1577 1237 1643 desciscunt:
1256 1589 1354 1642 vetus
1461 1630 1462 1653 ,

327 1696 416 1759 miles
438 1699 653 1759 cunctabatur.
674 1763 677 1770 ,
696 1695 760 1759 Sed
782 1696 923 1776 adigente
943 1693 1128 1759 Hordeonio
1149 1694 1277 1772 Flacco,
1297 1693 1353 1754 in-

328 1812 481 1873 stantibus
510 1811 646 1872 tribunis
678 1808 758 1872 dixit
787 1822 1013 1872 sacramentum
1041 1829 1106 1870 non
1132 1808 1224 1872 vultu
1245 1827 1353 1891 neque

328 1924 529 1987 animoaesatis
549 1925 725 1990 affirmans:
749 1937 780 1987 et
802 1945 899 2009 quum
922 1924 1018 1987 ceteri
1032 1919 1236 2001 jurisjurandi
1251 1924 1352 1988 verba

328 2037 536 2119 conciperent,
556 2039 745 2120 Vespasiani
764 2059 880 2101 nomen
902 2038 1087 2101 haesitantes
1109 2051 1164 2100 aut
1180 2035 1244 2103 levi
1262 2056 1351 2098 mur·

326 2177 417 2217 mure
439 2166 470 2216 et
490 2155 677 2239 plerumque
699 2155 823 2219 silentio
845 2155 1107 2218 transmittebant.

242 2285 268 2347 4,
278 2285 314 2334 ³2
413 2270 527 2334 Lectae
558 2270 670 2334 deinde
698 2293 758 2354 pro
790 2273 941 2336 concione
973 2273 1120 2354 epistolae
1148 2266 1280 2331 Antonii
1308 2263 1352 2328 ad

328 2385 459 2449 Civilem
483 2384 677 2468 suspiciones
701 2386 836 2449 militum
865 2385 1028 2450 inritavere
1056 2397 1207 2469 tanquam
1234 2379 1273 2444 ad
1296 2401 1352 2445 so·

326 2501 409 2562 cium
437 2502 574 2582 partium
597 2502 730 2583 scriptae
752 2514 783 2565 et
803 2501 841 2564 de
865 2502 1042 2583 germanico
1064 2501 1203 2563 exercitu
1224 2497 1353 2564 hostili·

325 2624 383 2673 ter.
436 2613 516 2674 Mox
548 2614 647 2675 allatis
680 2613 856 2676 Geldubam
888 2615 923 2676 in
956 2626 1055 2677 castra
1087 2613 1205 2704 nuntiis
1239 2612 1353 2676 eadem

326 2724 407 2787 dicta
434 2728 598 2810 factaque,
626 2739 658 2789 et
683 2729 796 2790 missus
826 2749 897 2789 cum
925 2725 1079 2789 mandatis
1106 2728 1278 2790 Montanus
1307 2723 1352 2787 ad

326 2838 473 2919 Civilem,
502 2854 537 2903 ut
564 2842 729 2904 absisteret
755 2842 838 2904 bello
872 2863 951 2906 neve
981 2854 1111 2905 externa
1141 2841 1235 2906 armis
1259 2839 1352 2903 falsis

324 2957 458 3019 velaret:
492 2955 519 3019 si
549 2948 780 3039 Vespasianum
809 2965 919 3037 juvare
951 2978 1111 3038 aggressus
1141 2958 1240 3037 foret,
1272 2956 1352 3020 satis

324 3068 441 3131 factum
464 3071 594 3152 coeptis.
635 3070 685 3134 Ad
709 3093 747 3133 ea
769 3070 878 3136 Civilis
900 3072 1004 3153 primo
1033 3070 1161 3133 callide:
1191 3082 1263 3153 post
1289 3070 1351 3133 ubi

324 3180 410 3243 videt
427 3184 615 3248 Montanum
631 3187 846 3267 praeferocem
866 3184 993 3265 ingenio
1016 3197 1222 3268 paratumque
1241 3182 1275 3245 in
1294 3201 1351 3245 res

324 3315 433 3373 novas,
454 3317 544 3360 orsus
567 3320 585 3360 a
606 3314 718 3382 questu
740 3299 951 3382 periculisque
973 3319 1054 3382 quae
1075 3319 1134 3380 per
1154 3295 1294 3380 quinque
1317 3308 1352 3357 et

322 3410 433 3490 viginti
454 3430 553 3473 annos
577 3411 741 3476 incastris
767 3414 906 3477 romanis
927 3414 1136 3491 exhausisset,
1167 3411 1350 3492 ‘egregium‚

321 3525 442 3607 inquit,
473 3526 610 3606 pretium
638 3526 785 3588 laborum
811 3526 933 3609 recepi,
963 3548 1071 3588 necem
1097 3526 1202 3589 fratris
1223 3536 1255 3587 et
1273 3525 1351 3589 vin-

322 3638 393 3698 cula
415 3658 484 3698 nrea
506 3652 537 3701 et
559 3639 755 3704 saevissimas
782 3642 876 3719 hujus
905 3642 1058 3704 exercitus
1086 3661 1195 3716 voces,
1229 3638 1350 3721 quibus

322 3747 364 3811 ad
398 3752 585 3830 supplicium
617 3755 732 3834 petitus
769 3757 839 3831 jure
876 3755 1014 3834 gentium
1050 3772 1170 3835 poenas
1199 3770 1350 3832 reposco.

258 3879 260 3888 ’
322 3877 498 3957 vosautem
518 3866 657 3946 Treveri,
679 3883 861 3953 ceteraeque
883 3868 1085 3932 servientium
1103 3866 1234 3943 animae,
1256 3861 1349 3948 quod

321 3977 496 4059 praemium
528 3980 621 4040 effusi
652 3982 767 4045 totiens
797 3982 955 4064 sanguinis
984 3978 1169 4063 exspectatis
1201 3977 1263 4038 nisi
1293 3975 1350 4037 in·
1388 4005 1393 4012 ·

322 4102 440 4171 gratam
465 4090 622 4169 militiam,
653 4096 840 4159 immortalia
862 4097 994 4177 tributa,
1021 4096 1138 4175 virgas,
1164 4111 1289 4156 secures
1313 4103 1349 4153 et
