2950 4775
485 332 920 465 ΗΗΒΒΒΗΗΒΗΒ’”’
974 332 1195 464 ι“””ι’Βί”

134 562 262 630 advenit
281 559 498 656 proficiscendi
514 563 596 628 hora
617 563 849 648 exspectatione
868 562 997 630 tristior.
1038 562 1156 652 quippe

133 678 218 743 intra
238 681 354 746 uallum
378 676 561 745 deformitas
583 677 670 744 haud
690 677 824 762 perinde
844 681 1007 746 notabilior
1038 678 1157 759 detexit

133 794 337 879 ignominiam
352 815 480 877 campus
499 807 530 859 et
549 792 627 859 dies.
667 793 823 860 Reuulsae
838 794 1064 879 imperatorum
1077 795 1156 861 ima·-

133 910 239 992 gines‚
269 909 428 975 inhonora
456 911 560 992 signa,
591 912 783 993 hilgentibus
803 909 972 975 hincinde
992 912 1156 976 Gallorum

134 1023 275 1088 vexillis:
303 1023 399 1086 silens
427 1046 539 1106 agmen
568 1040 599 1090 et
626 1027 713 1093 velut
734 1028 847 1109 longae
869 1025 1048 1112 exsequiae.
1089 1026 1156 1090 dux

134 1136 286 1203 Claudius
307 1135 441 1201 Sanctus
462 1138 578 1203 effosso
600 1141 703 1218 oculo,
728 1135 816 1204 dirus
836 1161 902 1219 ore,
922 1136 1048 1223 ingenio
1068 1138 1156 1204 debi-

131 1255 205 1320 lior.
245 1255 434 1338 Duplicatur
454 1256 622 1338 flagitium,
647 1268 815 1341 postquam
837 1255 966 1320 desertis
986 1254 1157 1321 bonnensi-

133 1369 195 1432 bus
217 1371 325 1433 castris
345 1373 442 1460 altera
462 1391 497 1433 se
516 1372 599 1453 legio
620 1369 798 1436 miseserat.
839 1371 880 1435 Et
904 1374 1031 1453 vulgata
1051 1384 1157 1457 capta·

133 1503 208 1547 rum
227 1486 386 1565 legionum
414 1486 498 1550 fama
520 1482 626 1550 cuncti
646 1487 702 1573 qui
729 1489 826 1572 paulo
849 1500 921 1552 ante
940 1488 1158 1553 Romanorum
1259 1473 1264 1478 ’

135 1616 253 1659 nomen
273 1598 446 1662 horrebant
465 1611 688 1683 procurrentes
711 1620 755 1663 ex
771 1599 854 1681 agris
872 1601 1022 1683 tectisque
1043 1613 1075 1663 et
1095 1621 1157 1662 un·

135 1708 233 1796 dique
247 1711 340 1774 effusi
356 1713 485 1777 insolito
505 1714 682 1796 spectaculo
696 1713 829 1777 nimium
844 1714 1041 1777 fruebantur.
1059 1764 1060 1767 ,
1080 1710 1155 1775 Non

132 1827 209 1891 tulit
227 1826 277 1891 ala
297 1826 456 1911 picentina
481 1828 630 1911 gaudium
649 1827 830 1893 insultantis
850 1828 953 1909 uulgi,
981 1825 1155 1910 spretisque

133 1939 242 2005 Sancti
271 1941 435 2025 promissis
471 1953 525 2005 aut
555 1940 650 2007 minis
679 1941 914 2024 Mogontiacum
951 1941 1084 2017 abeunt,
1119 1958 1154 1999 ac

133 2056 218 2121 forte
241 2058 335 2121 obuio
365 2056 568 2120 interfectore
596 2056 738 2121 Voculae
769 2054 915 2137 Longino
947 2052 1092 2134 conjectis
1119 2052 1154 2114 in

133 2192 209 2235 eum
238 2172 305 2234 telis
336 2169 461 2235 initium
483 2167 694 2234 exsolvendae
721 2168 757 2232 in
786 2181 948 2252 posterum
969 2168 1079 2250 culpae
1106 2167 1153 2229 fe-

133 2305 214 2347 cere.
255 2283 411 2366 Legiones
441 2283 522 2348 nihil
543 2294 665 2348 mutato
693 2283 805 2347 itinere
834 2294 906 2346 ante
929 2282 1052 2345 moenia
1073 2283 1153 2344 Tre·

130 2419 281 2465 verorum
301 2398 478 2465 considunt.

219 2513 329 2581 Civilis
349 2528 381 2579 et
400 2514 555 2586 Classicus
584 2515 681 2579 rebus
703 2511 848 2578 secundis
869 2512 983 2578 sublati
1003 2534 1044 2575 aa
1066 2513 1234 2585 colo-tm

129 2627 217 2694 niam
245 2632 499 2714 agrippinensem
531 2628 740 2714 diripiendam
770 2629 959 2694 exercitibus
987 2625 1052 2689 suis
1078 2645 1151 2708 per-

129 2744 290 2808 mitterent
309 2743 501 2809 dubitavere.
543 2744 673 2809 saevitia
690 2741 829 2825 ingenita
848 2754 879 2806 et
896 2740 1043 2826 cupidine
1058 2759 1152 2821 prae·

130 2857 191 2923 dae
219 2860 259 2924 ad
282 2859 439 2924 excidium
469 2860 603 2924 civitatis
633 2860 847 2923 trahebantur.
897 2857 1042 2922 obstabat
1068 2855 1151 2918 ratio

129 2976 207 3038 belli
230 2987 262 3040 et
281 2995 403 3041 norum
424 2973 592 3057 imperium
615 2971 839 3035 inchoantibus
861 2972 946 3034 utilis
970 2967 1151 3034 clementiae

130 3090 226 3155 fama.
280 3089 413 3157 Civilem
442 3090 533 3153 etiam
565 3084 709 3152 beneficii
739 3085 892 3150 memoria
922 3083 1028 3161 flexit,
1064 3080 1151 3165 quod
1229 3102 1232 3107 ·

129 3205 232 3269 filium
255 3210 322 3285 ejus
341 3207 446 3289 primo
475 3218 583 3270 rerum
610 3213 701 3267 motu
729 3203 763 3270 iu
790 3203 915 3267 colonia
940 3200 1153 3283 agrippinensi

62 3293 67 3300 ⁸
129 3317 364 3402 deprehensum
387 3321 542 3384 honorate
565 3316 787 3382 custodierant.
833 3315 891 3380 sed
916 3314 1152 3380 transrhenanis

127 3433 275 3512 gentibus
298 3431 400 3498 inrisa
420 3432 529 3497 civitas
549 3430 711 3514 opulentia
731 3442 908 3515 auctoquet
931 3452 1035 3516 neque
1056 3433 1153 3496 alium

129 3544 229 3609 finem
250 3547 325 3611 belli
344 3551 499 3612 rebantur
520 3570 615 3632 msam
635 3549 664 3612 si
680 3549 861 3630 promiscua
882 3568 920 3611 ea
940 3544 1031 3612 sedes
1052 3547 1153 3612 omni·

127 3659 192 3724 bus
207 3658 372 3724 Germanis
387 3662 469 3726 foret
481 3674 536 3724 aut
549 3659 676 3739 disjecta
688 3661 790 3725 Ubios
805 3683 932 3754 quoque
947 3659 1153 3743 dispersisset.

220 3776 319 3857 Igitur
339 3775 487 3840 Tencteri
506 3775 619 3844 Rheno
640 3773 775 3842 discreta
795 3794 889 3856 gens,
922 3774 1024 3838 ntissis
1045 3773 1153 3855 legatis
1166 3774 1237 3838 42⁶4

128 3887 281 3956 mandata
318 3889 402 3974 apud
438 3893 605 3958 concilium
634 3891 911 3976 Agrippinensium
950 3890 1001 3953 edi
1033 3892 1153 3969 jubent,

130 4028 216 4091 quaa
245 4008 456 4074 ferocissimus
486 4032 503 4071 e
531 4010 641 4092 legatis
672 4011 705 4073 in
738 4013 824 4073 hunc
853 4006 981 4071 modum
1011 4005 1155 4089 protulit.

129 4122 264 4186 ‘redisse
293 4145 350 4187 uos
373 4125 405 4186 iu
437 4145 551 4206 corpus
575 4146 754 4209 nomenque
775 4120 961 4186 Germaniae
982 4116 1156 4183 communi·
