<?xml version="1.0" encoding="UTF-8"?>
<!DOCTYPE html PUBLIC "-//W3C//DTD XHTML 1.0 Transitional//EN"
    "http://www.w3.org/TR/xhtml1/DTD/xhtml1-transitional.dtd">
<html xmlns="http://www.w3.org/1999/xhtml" xml:lang="en" lang="en">
 <head>
  <title>
</title>
<meta http-equiv="Content-Type" content="text/html;charset=utf-8" />
  <meta name='ocr-system' content='tesseract 3.04.00' />
  <meta name='ocr-capabilities' content='ocr_page ocr_carea ocr_par ocr_line ocrx_word'/>
</head>
<body>
  <div class='ocr_page' id='page_1' title='image "./tacitigermania01grimgoog_0086.png"; bbox 0 0 2950 4775; ppageno 0'>
   <div class='ocr_carea' id='block_1_1' title="bbox 323 375 1086 486">
    <p class='ocr_par' dir='ltr' id='par_1_1' title="bbox 323 375 1086 486">
     <span class='ocr_line' id='line_1_1' title="bbox 323 375 1086 486; baseline 0.003 -2"><span class='ocrx_word' id='word_1_1' title='bbox 323 419 368 484; x_wconf 84' lang='lat' dir='ltr'><strong>sa</strong></span> <span class='ocrx_word' id='word_1_2' title='bbox 518 389 520 392; x_wconf 76' lang='grc'><strong>’</strong></span> <span class='ocrx_word' id='word_1_3' title='bbox 670 416 732 483; x_wconf 82' lang='lat' dir='ltr'><strong>ux</strong></span> <span class='ocrx_word' id='word_1_4' title='bbox 758 413 990 486; x_wconf 75' lang='lat' dir='ltr'><strong>menorans</strong></span> <span class='ocrx_word' id='word_1_5' title='bbox 1082 375 1086 379; x_wconf 63' lang='grc'><strong>’</strong></span> 
     </span>
    </p>
   </div>
   <div class='ocr_carea' id='block_1_2' title="bbox 245 585 1463 4234">
    <p class='ocr_par' dir='ltr' id='par_1_2' title="bbox 326 585 1462 2517">
     <span class='ocr_line' id='line_1_2' title="bbox 327 585 1351 673; baseline -0.002 -19"><span class='ocrx_word' id='word_1_6' title='bbox 327 591 425 656; x_wconf 92' lang='lat' dir='ltr'><strong>Dillio</strong></span> <span class='ocrx_word' id='word_1_7' title='bbox 447 592 587 655; x_wconf 86' lang='lat' dir='ltr'>Voculae</span> <span class='ocrx_word' id='word_1_8' title='bbox 608 591 870 657; x_wconf 81' lang='lat' dir='ltr'><strong>duoetvicesimae</strong></span> <span class='ocrx_word' id='word_1_9' title='bbox 889 588 1026 673; x_wconf 83' lang='lat' dir='ltr'><strong>legionis</strong></span> <span class='ocrx_word' id='word_1_10' title='bbox 1045 590 1148 670; x_wconf 83' lang='lat' dir='ltr'><strong>legato</strong></span> <span class='ocrx_word' id='word_1_11' title='bbox 1175 585 1288 668; x_wconf 88' lang='lat' dir='ltr'><strong>tradit,</strong></span> <span class='ocrx_word' id='word_1_12' title='bbox 1308 599 1351 652; x_wconf 85' lang='lat' dir='ltr'><strong>ut</strong></span> 
     </span>
     <span class='ocr_line' id='line_1_3' title="bbox 328 704 1461 793; baseline -0.002 -24"><span class='ocrx_word' id='word_1_13' title='bbox 328 728 423 791; x_wconf 92' lang='lat' dir='ltr'><strong>quam</strong></span> <span class='ocrx_word' id='word_1_14' title='bbox 443 707 587 771; x_wconf 82' lang='lat' dir='ltr'><strong>maximis</strong></span> <span class='ocrx_word' id='word_1_15' title='bbox 612 730 671 791; x_wconf 87' lang='lat' dir='ltr'><strong>per</strong></span> <span class='ocrx_word' id='word_1_16' title='bbox 690 709 795 793; x_wconf 88' lang='lat' dir='ltr'><strong>ripam</strong></span> <span class='ocrx_word' id='word_1_17' title='bbox 817 705 984 772; x_wconf 77' lang='lat' dir='ltr'><strong>itineribus</strong></span> <span class='ocrx_word' id='word_1_18' title='bbox 1005 707 1169 783; x_wconf 73' lang='lat' dir='ltr'><strong>celeraret,</strong></span> <span class='ocrx_word' id='word_1_19' title='bbox 1197 704 1266 786; x_wconf 87' lang='lat' dir='ltr'><strong>ipss</strong></span> <span class='ocrx_word' id='word_1_20' title='bbox 1286 725 1351 786; x_wconf 87' lang='lat' dir='ltr'><strong>pa·</strong></span> <span class='ocrx_word' id='word_1_21' title='bbox 1460 750 1461 767; x_wconf 72' lang='lat'><strong>.</strong></span> 
     </span>
     <span class='ocr_line' id='line_1_4' title="bbox 327 815 1352 906; baseline -0.008 -21"><span class='ocrx_word' id='word_1_22' title='bbox 327 820 429 903; x_wconf 84' lang='lat' dir='ltr'><strong>vidus,</strong></span> <span class='ocrx_word' id='word_1_23' title='bbox 449 821 606 888; x_wconf 85' lang='lat' dir='ltr'><strong>invalidus</strong></span> <span class='ocrx_word' id='word_1_24' title='bbox 620 843 768 906; x_wconf 86' lang='lat' dir='ltr'><strong>corpore,</strong></span> <span class='ocrx_word' id='word_1_25' title='bbox 787 821 909 886; x_wconf 78' lang='lat' dir='ltr'><strong>invisus</strong></span> <span class='ocrx_word' id='word_1_26' title='bbox 930 818 1092 883; x_wconf 90' lang='lat' dir='ltr'><strong>militibus.</strong></span> <span class='ocrx_word' id='word_1_27' title='bbox 1132 816 1245 900; x_wconf 87' lang='lat' dir='ltr'><strong>Neque</strong></span> <span class='ocrx_word' id='word_1_28' title='bbox 1259 815 1352 878; x_wconf 89' lang='lat' dir='ltr'><strong>enim</strong></span> 
     </span>
     <span class='ocr_line' id='line_1_5' title="bbox 328 934 1352 1018; baseline -0.004 -18"><span class='ocrx_word' id='word_1_29' title='bbox 328 939 470 1018; x_wconf 84' lang='lat' dir='ltr'><strong>ambigue</strong></span> <span class='ocrx_word' id='word_1_30' title='bbox 501 939 679 1002; x_wconf 85' lang='lat' dir='ltr'><strong>fremebant</strong></span> <span class='ocrx_word' id='word_1_31' title='bbox 708 939 845 1002; x_wconf 86' lang='lat' dir='ltr'><strong>‘emissas</strong></span> <span class='ocrx_word' id='word_1_32' title='bbox 876 959 896 1001; x_wconf 89' lang='lat' dir='ltr'><strong>a</strong></span> <span class='ocrx_word' id='word_1_33' title='bbox 926 935 1125 1017; x_wconf 80' lang='lat' dir='ltr'><strong>Magontiaco</strong></span> <span class='ocrx_word' id='word_1_34' title='bbox 1151 934 1352 998; x_wconf 77' lang='lat' dir='ltr'><strong>Batavorum</strong></span> 
     </span>
     <span class='ocr_line' id='line_1_6' title="bbox 328 1045 1350 1131; baseline -0.003 -19"><span class='ocrx_word' id='word_1_35' title='bbox 328 1052 490 1131; x_wconf 72' lang='lat' dir='ltr'><strong>conones,</strong></span> <span class='ocrx_word' id='word_1_36' title='bbox 522 1047 731 1114; x_wconf 87' lang='lat' dir='ltr'><strong>dissimulatos</strong></span> <span class='ocrx_word' id='word_1_37' title='bbox 753 1049 861 1116; x_wconf 82' lang='lat' dir='ltr'><strong>Civilis</strong></span> <span class='ocrx_word' id='word_1_38' title='bbox 885 1061 1034 1129; x_wconf 88' lang='lat' dir='ltr'><strong>conatus,</strong></span> <span class='ocrx_word' id='word_1_39' title='bbox 1057 1045 1170 1111; x_wconf 87' lang='lat' dir='ltr'><strong>adsciri</strong></span> <span class='ocrx_word' id='word_1_40' title='bbox 1190 1046 1225 1109; x_wconf 90' lang='lat' dir='ltr'><strong>in</strong></span> <span class='ocrx_word' id='word_1_41' title='bbox 1246 1047 1350 1110; x_wconf 90' lang='lat' dir='ltr'><strong>socie·</strong></span> 
     </span>
     <span class='ocr_line' id='line_1_7' title="bbox 327 1163 1351 1249; baseline -0.003 -20"><span class='ocrx_word' id='word_1_42' title='bbox 327 1180 423 1230; x_wconf 88' lang='lat' dir='ltr'><strong>tatem</strong></span> <span class='ocrx_word' id='word_1_43' title='bbox 453 1167 638 1231; x_wconf 86' lang='lat' dir='ltr'><strong>Germanos.</strong></span> <span class='ocrx_word' id='word_1_44' title='bbox 687 1188 755 1231; x_wconf 90' lang='lat' dir='ltr'><strong>non</strong></span> <span class='ocrx_word' id='word_1_45' title='bbox 783 1166 883 1231; x_wconf 86' lang='lat' dir='ltr'><strong>Primi</strong></span> <span class='ocrx_word' id='word_1_46' title='bbox 908 1165 1040 1230; x_wconf 81' lang='lat' dir='ltr'><strong>Antonii</strong></span> <span class='ocrx_word' id='word_1_47' title='bbox 1069 1183 1174 1249; x_wconf 87' lang='lat' dir='ltr'><strong>neque</strong></span> <span class='ocrx_word' id='word_1_48' title='bbox 1203 1163 1351 1227; x_wconf 91' lang='lat' dir='ltr'><strong>Muciani</strong></span> 
     </span>
     <span class='ocr_line' id='line_1_8' title="bbox 328 1278 1349 1366; baseline -0.003 -21"><span class='ocrx_word' id='word_1_49' title='bbox 328 1303 388 1366; x_wconf 89' lang='lat' dir='ltr'><strong>ope</strong></span> <span class='ocrx_word' id='word_1_50' title='bbox 407 1285 637 1366; x_wconf 79' lang='lat' dir='ltr'><strong>Vespasianum</strong></span> <span class='ocrx_word' id='word_1_51' title='bbox 656 1285 754 1365; x_wconf 86' lang='lat' dir='ltr'><strong>magis</strong></span> <span class='ocrx_word' id='word_1_52' title='bbox 778 1281 963 1349; x_wconf 74' lang='lat' dir='ltr'><strong>adolevisse.</strong></span> <span class='ocrx_word' id='word_1_53' title='bbox 1010 1294 1118 1365; x_wconf 89' lang='lat' dir='ltr'><strong>aperta</strong></span> <span class='ocrx_word' id='word_1_54' title='bbox 1145 1278 1218 1344; x_wconf 90' lang='lat' dir='ltr'><strong>odia</strong></span> <span class='ocrx_word' id='word_1_55' title='bbox 1243 1301 1349 1343; x_wconf 86' lang='lat' dir='ltr'><strong>arma·</strong></span> 
     </span>
     <span class='ocr_line' id='line_1_9' title="bbox 329 1398 1349 1482; baseline -0.001 -21"><span class='ocrx_word' id='word_1_56' title='bbox 329 1421 390 1482; x_wconf 92' lang='lat' dir='ltr'><strong>que</strong></span> <span class='ocrx_word' id='word_1_57' title='bbox 417 1400 521 1481; x_wconf 86' lang='lat' dir='ltr'><strong>palam</strong></span> <span class='ocrx_word' id='word_1_58' title='bbox 549 1398 681 1480; x_wconf 84' lang='lat' dir='ltr'><strong>depelli:</strong></span> <span class='ocrx_word' id='word_1_59' title='bbox 712 1398 857 1464; x_wconf 86' lang='lat' dir='ltr'><strong>fraudem</strong></span> <span class='ocrx_word' id='word_1_60' title='bbox 886 1413 917 1463; x_wconf 92' lang='lat' dir='ltr'><strong>et</strong></span> <span class='ocrx_word' id='word_1_61' title='bbox 947 1399 1055 1464; x_wconf 89' lang='lat' dir='ltr'><strong>dolum</strong></span> <span class='ocrx_word' id='word_1_62' title='bbox 1082 1400 1215 1462; x_wconf 90' lang='lat' dir='ltr'><strong>obscura</strong></span> <span class='ocrx_word' id='word_1_63' title='bbox 1243 1418 1349 1482; x_wconf 90' lang='lat' dir='ltr'><strong>eoque</strong></span> 
     </span>
     <span class='ocr_line' id='line_1_10' title="bbox 326 1510 1349 1593; baseline -0.001 -21"><span class='ocrx_word' id='word_1_64' title='bbox 326 1510 529 1578; x_wconf 87' lang='lat' dir='ltr'><strong>inevitabilia.</strong></span> <span class='ocrx_word' id='word_1_65' title='bbox 571 1512 704 1578; x_wconf 82' lang='lat' dir='ltr'><strong>Civilem</strong></span> <span class='ocrx_word' id='word_1_66' title='bbox 725 1525 808 1575; x_wconf 90' lang='lat' dir='ltr'><strong>stare</strong></span> <span class='ocrx_word' id='word_1_67' title='bbox 830 1525 961 1593; x_wconf 86' lang='lat' dir='ltr'><strong>contra,</strong></span> <span class='ocrx_word' id='word_1_68' title='bbox 976 1524 1099 1576; x_wconf 88' lang='lat' dir='ltr'><strong>struere</strong></span> <span class='ocrx_word' id='word_1_69' title='bbox 1116 1511 1232 1574; x_wconf 86' lang='lat' dir='ltr'><strong>aciem:</strong></span> <span class='ocrx_word' id='word_1_70' title='bbox 1260 1510 1349 1573; x_wconf 91' lang='lat' dir='ltr'><strong>Hor·</strong></span> 
     </span>
     <span class='ocr_line' id='line_1_11' title="bbox 327 1622 1350 1711; baseline -0.001 -21"><span class='ocrx_word' id='word_1_71' title='bbox 327 1627 477 1692; x_wconf 76' lang='lat' dir='ltr'><strong>(leonium</strong></span> <span class='ocrx_word' id='word_1_72' title='bbox 505 1650 523 1698; x_wconf 87' lang='lat' dir='ltr'><strong>e</strong></span> <span class='ocrx_word' id='word_1_73' title='bbox 551 1628 697 1692; x_wconf 91' lang='lat' dir='ltr'><strong>cubiculo</strong></span> <span class='ocrx_word' id='word_1_74' title='bbox 726 1640 759 1691; x_wconf 89' lang='lat' dir='ltr'><strong>et</strong></span> <span class='ocrx_word' id='word_1_75' title='bbox 786 1622 902 1692; x_wconf 90' lang='lat' dir='ltr'><strong>lectulo</strong></span> <span class='ocrx_word' id='word_1_76' title='bbox 932 1631 1044 1707; x_wconf 82' lang='lat' dir='ltr'><strong>jubere</strong></span> <span class='ocrx_word' id='word_1_77' title='bbox 1077 1626 1233 1711; x_wconf 87' lang='lat' dir='ltr'><strong>quidquid</strong></span> <span class='ocrx_word' id='word_1_78' title='bbox 1262 1628 1350 1690; x_wconf 89' lang='lat' dir='ltr'><strong>hosti</strong></span> 
     </span>
     <span class='ocr_line' id='line_1_12' title="bbox 328 1741 1462 1809; baseline 0.001 -3"><span class='ocrx_word' id='word_1_79' title='bbox 328 1741 492 1808; x_wconf 87' lang='lat' dir='ltr'><strong>conducat.</strong></span> <span class='ocrx_word' id='word_1_80' title='bbox 541 1757 589 1808; x_wconf 87' lang='lat' dir='ltr'><strong>tot</strong></span> <span class='ocrx_word' id='word_1_81' title='bbox 620 1756 753 1808; x_wconf 87' lang='lat' dir='ltr'><strong>armatas</strong></span> <span class='ocrx_word' id='word_1_82' title='bbox 785 1744 1029 1809; x_wconf 86' lang='lat' dir='ltr'><strong>fortissimorum</strong></span> <span class='ocrx_word' id='word_1_83' title='bbox 1059 1744 1204 1808; x_wconf 75' lang='lat' dir='ltr'><strong>uirorum</strong></span> <span class='ocrx_word' id='word_1_84' title='bbox 1234 1765 1348 1807; x_wconf 90' lang='lat' dir='ltr'><strong>manus</strong></span> <span class='ocrx_word' id='word_1_85' title='bbox 1461 1772 1462 1777; x_wconf 44' lang='lat'>¹</span> 
     </span>
     <span class='ocr_line' id='line_1_13' title="bbox 327 1857 1348 1942; baseline 0.002 -22"><span class='ocrx_word' id='word_1_86' title='bbox 327 1858 422 1921; x_wconf 88' lang='lat' dir='ltr'><strong>unius</strong></span> <span class='ocrx_word' id='word_1_87' title='bbox 445 1857 529 1922; x_wconf 91' lang='lat' dir='ltr'><strong>senis</strong></span> <span class='ocrx_word' id='word_1_88' title='bbox 550 1857 722 1924; x_wconf 83' lang='lat' dir='ltr'><strong>valitudine</strong></span> <span class='ocrx_word' id='word_1_89' title='bbox 743 1859 822 1939; x_wconf 81' lang='lat' dir='ltr'><strong>regi.</strong></span> <span class='ocrx_word' id='word_1_90' title='bbox 871 1860 948 1942; x_wconf 90' lang='lat' dir='ltr'><strong>quin</strong></span> <span class='ocrx_word' id='word_1_91' title='bbox 970 1859 1077 1942; x_wconf 88' lang='lat' dir='ltr'><strong>potius</strong></span> <span class='ocrx_word' id='word_1_92' title='bbox 1095 1859 1260 1921; x_wconf 87' lang='lat' dir='ltr'><strong>interlecto</strong></span> <span class='ocrx_word' id='word_1_93' title='bbox 1281 1870 1348 1922; x_wconf 87' lang='lat' dir='ltr'><strong>tra·</strong></span> 
     </span>
     <span class='ocr_line' id='line_1_14' title="bbox 328 1973 1349 2057; baseline -0.002 -21"><span class='ocrx_word' id='word_1_94' title='bbox 328 1973 428 2037; x_wconf 87' lang='lat' dir='ltr'><strong>ditore</strong></span> <span class='ocrx_word' id='word_1_95' title='bbox 458 1974 620 2038; x_wconf 76' lang='lat' dir='ltr'><strong>fortunun</strong></span> <span class='ocrx_word' id='word_1_96' title='bbox 646 1973 856 2057; x_wconf 85' lang='lat' dir='ltr'><strong>virtutemque</strong></span> <span class='ocrx_word' id='word_1_97' title='bbox 885 1994 975 2046; x_wconf 85' lang='lat' dir='ltr'><strong>suam</strong></span> <span class='ocrx_word' id='word_1_98' title='bbox 1000 1976 1084 2035; x_wconf 90' lang='lat' dir='ltr'><strong>melo</strong></span> <span class='ocrx_word' id='word_1_99' title='bbox 1112 1974 1216 2036; x_wconf 88' lang='lat' dir='ltr'><strong>omine</strong></span> <span class='ocrx_word' id='word_1_100' title='bbox 1241 1974 1349 2036; x_wconf 85' lang='lat' dir='ltr'><strong>exsol-</strong></span> 
     </span>
     <span class='ocr_line' id='line_1_15' title="bbox 328 2085 1350 2154; baseline -0.003 -1"><span class='ocrx_word' id='word_1_101' title='bbox 328 2089 457 2154; x_wconf 90' lang='lat' dir='ltr'><strong>verent.’</strong></span> <span class='ocrx_word' id='word_1_102' title='bbox 501 2090 560 2151; x_wconf 89' lang='lat' dir='ltr'><strong>His</strong></span> <span class='ocrx_word' id='word_1_103' title='bbox 579 2088 665 2153; x_wconf 89' lang='lat' dir='ltr'><strong>inter</strong></span> <span class='ocrx_word' id='word_1_104' title='bbox 684 2111 718 2153; x_wconf 91' lang='lat' dir='ltr'><strong>se</strong></span> <span class='ocrx_word' id='word_1_105' title='bbox 738 2089 871 2154; x_wconf 84' lang='lat' dir='ltr'><strong>vocibus</strong></span> <span class='ocrx_word' id='word_1_106' title='bbox 890 2088 1055 2151; x_wconf 88' lang='lat' dir='ltr'><strong>instinctos</strong></span> <span class='ocrx_word' id='word_1_107' title='bbox 1077 2085 1278 2151; x_wconf 80' lang='lat' dir='ltr'><strong>flammavere</strong></span> <span class='ocrx_word' id='word_1_108' title='bbox 1296 2089 1350 2150; x_wconf 90' lang='lat' dir='ltr'><strong>in·</strong></span> 
     </span>
     <span class='ocr_line' id='line_1_16' title="bbox 326 2198 1350 2287; baseline -0.003 -22"><span class='ocrx_word' id='word_1_109' title='bbox 326 2223 423 2287; x_wconf 82' lang='lat' dir='ltr'><strong>super</strong></span> <span class='ocrx_word' id='word_1_110' title='bbox 448 2205 558 2268; x_wconf 87' lang='lat' dir='ltr'><strong>allatae</strong></span> <span class='ocrx_word' id='word_1_111' title='bbox 581 2225 601 2266; x_wconf 91' lang='lat' dir='ltr'><strong>a</strong></span> <span class='ocrx_word' id='word_1_112' title='bbox 621 2204 817 2286; x_wconf 87' lang='lat' dir='ltr'><strong>Vespasiano</strong></span> <span class='ocrx_word' id='word_1_113' title='bbox 842 2202 968 2280; x_wconf 89' lang='lat' dir='ltr'><strong>literae,</strong></span> <span class='ocrx_word' id='word_1_114' title='bbox 997 2222 1076 2286; x_wconf 89' lang='lat' dir='ltr'><strong>quas</strong></span> <span class='ocrx_word' id='word_1_115' title='bbox 1095 2199 1243 2278; x_wconf 86' lang='lat' dir='ltr'><strong>Flaccus,</strong></span> <span class='ocrx_word' id='word_1_116' title='bbox 1272 2198 1350 2284; x_wconf 88' lang='lat' dir='ltr'><strong>quia</strong></span> 
     </span>
     <span class='ocr_line' id='line_1_17' title="bbox 328 2316 1349 2403; baseline -0.005 -22"><span class='ocrx_word' id='word_1_117' title='bbox 328 2318 479 2382; x_wconf 88' lang='lat' dir='ltr'><strong>occultari</strong></span> <span class='ocrx_word' id='word_1_118' title='bbox 503 2316 694 2403; x_wconf 85' lang='lat' dir='ltr'><strong>nequibant,</strong></span> <span class='ocrx_word' id='word_1_119' title='bbox 720 2340 781 2402; x_wconf 89' lang='lat' dir='ltr'><strong>pro</strong></span> <span class='ocrx_word' id='word_1_120' title='bbox 808 2318 959 2382; x_wconf 86' lang='lat' dir='ltr'><strong>concione</strong></span> <span class='ocrx_word' id='word_1_121' title='bbox 980 2316 1137 2395; x_wconf 80' lang='lat' dir='ltr'><strong>recitavit,</strong></span> <span class='ocrx_word' id='word_1_122' title='bbox 1160 2317 1349 2400; x_wconf 83' lang='lat' dir='ltr'><strong>uinctosque</strong></span> 
     </span>
     <span class='ocr_line' id='line_1_18' title="bbox 329 2432 936 2517; baseline 0 -20"><span class='ocrx_word' id='word_1_123' title='bbox 329 2435 385 2517; x_wconf 92' lang='lat' dir='ltr'><strong>qui</strong></span> <span class='ocrx_word' id='word_1_124' title='bbox 405 2435 575 2497; x_wconf 83' lang='lat' dir='ltr'><strong>attulerant</strong></span> <span class='ocrx_word' id='word_1_125' title='bbox 595 2432 636 2497; x_wconf 93' lang='lat' dir='ltr'><strong>ad</strong></span> <span class='ocrx_word' id='word_1_126' title='bbox 656 2434 820 2498; x_wconf 87' lang='lat' dir='ltr'><strong>Vitellium</strong></span> <span class='ocrx_word' id='word_1_127' title='bbox 841 2433 936 2498; x_wconf 82' lang='lat' dir='ltr'><strong>misit.</strong></span> 
     </span>
    </p>

    <p class='ocr_par' dir='ltr' id='par_1_3' title="bbox 245 2548 1463 4234">
     <span class='ocr_line' id='line_1_19' title="bbox 245 2548 1350 2632; baseline -0.005 -14"><span class='ocrx_word' id='word_1_128' title='bbox 245 2566 314 2631; x_wconf 56' lang='grc' dir='ltr'><strong><em>ψ</em></strong></span> <span class='ocrx_word' id='word_1_129' title='bbox 411 2548 464 2613; x_wconf 83' lang='lat' dir='ltr'><strong>Sic</strong></span> <span class='ocrx_word' id='word_1_130' title='bbox 483 2550 629 2631; x_wconf 84' lang='lat' dir='ltr'><strong>mitigatis</strong></span> <span class='ocrx_word' id='word_1_131' title='bbox 652 2549 764 2614; x_wconf 88' lang='lat' dir='ltr'><strong>animis</strong></span> <span class='ocrx_word' id='word_1_132' title='bbox 784 2553 940 2630; x_wconf 86' lang='lat' dir='ltr'><strong>Bonnam,</strong></span> <span class='ocrx_word' id='word_1_133' title='bbox 959 2551 1092 2615; x_wconf 86' lang='lat' dir='ltr'><strong>hiberna</strong></span> <span class='ocrx_word' id='word_1_134' title='bbox 1113 2549 1233 2632; x_wconf 87' lang='lat' dir='ltr'><strong>primae</strong></span> <span class='ocrx_word' id='word_1_135' title='bbox 1248 2548 1350 2629; x_wconf 85' lang='lat' dir='ltr'><strong>legio·</strong></span> 
     </span>
     <span class='ocr_line' id='line_1_20' title="bbox 327 2663 1463 2752; baseline -0.002 -26"><span class='ocrx_word' id='word_1_136' title='bbox 327 2665 387 2743; x_wconf 89' lang='lat' dir='ltr'><strong>nis,</strong></span> <span class='ocrx_word' id='word_1_137' title='bbox 410 2678 549 2730; x_wconf 81' lang='lat' dir='ltr'><strong>ventum.</strong></span> <span class='ocrx_word' id='word_1_138' title='bbox 588 2665 744 2729; x_wconf 76' lang='lat' dir='ltr'><strong>infensior</strong></span> <span class='ocrx_word' id='word_1_139' title='bbox 764 2667 828 2728; x_wconf 90' lang='lat' dir='ltr'><strong>illio</strong></span> <span class='ocrx_word' id='word_1_140' title='bbox 848 2666 938 2729; x_wconf 91' lang='lat' dir='ltr'><strong>miles</strong></span> <span class='ocrx_word' id='word_1_141' title='bbox 960 2667 1083 2749; x_wconf 90' lang='lat' dir='ltr'><strong>culpam</strong></span> <span class='ocrx_word' id='word_1_142' title='bbox 1099 2664 1195 2727; x_wconf 88' lang='lat' dir='ltr'><strong>cladis</strong></span> <span class='ocrx_word' id='word_1_143' title='bbox 1212 2665 1247 2727; x_wconf 91' lang='lat' dir='ltr'><strong>in</strong></span> <span class='ocrx_word' id='word_1_144' title='bbox 1260 2663 1350 2725; x_wconf 87' lang='lat' dir='ltr'><strong>Hor·</strong></span> <span class='ocrx_word' id='word_1_145' title='bbox 1462 2725 1463 2752; x_wconf 57' lang='lat'><strong>,</strong></span> 
     </span>
     <span class='ocr_line' id='line_1_21' title="bbox 328 2759 1350 2860; baseline 0.001 -22"><span class='ocrx_word' id='word_1_146' title='bbox 328 2775 477 2842; x_wconf 90' lang='lat' dir='ltr'><strong>deonium</strong></span> <span class='ocrx_word' id='word_1_147' title='bbox 498 2781 657 2844; x_wconf 84' lang='lat' dir='ltr'><strong>vertebat:</strong></span> <span class='ocrx_word' id='word_1_148' title='bbox 691 2782 768 2860; x_wconf 84' lang='lat' dir='ltr'><strong>‘ejus</strong></span> <span class='ocrx_word' id='word_1_149' title='bbox 791 2785 878 2860; x_wconf 85' lang='lat' dir='ltr'><strong>jussu</strong></span> <span class='ocrx_word' id='word_1_150' title='bbox 903 2759 1053 2843; x_wconf 79' lang='lat' dir='ltr'><strong>directam</strong></span> <span class='ocrx_word' id='word_1_151' title='bbox 1080 2776 1229 2842; x_wconf 87' lang='lat' dir='ltr'><strong>adversus</strong></span> <span class='ocrx_word' id='word_1_152' title='bbox 1252 2779 1350 2841; x_wconf 89' lang='lat' dir='ltr'><strong>Bata-</strong></span> 
     </span>
     <span class='ocr_line' id='line_1_22' title="bbox 326 2894 1350 2979; baseline -0.004 -22"><span class='ocrx_word' id='word_1_153' title='bbox 326 2915 384 2957; x_wconf 77' lang='lat' dir='ltr'><strong>sos</strong></span> <span class='ocrx_word' id='word_1_154' title='bbox 405 2895 518 2974; x_wconf 89' lang='lat' dir='ltr'><strong>aciem,</strong></span> <span class='ocrx_word' id='word_1_155' title='bbox 540 2907 691 2979; x_wconf 87' lang='lat' dir='ltr'><strong>tanquam</strong></span> <span class='ocrx_word' id='word_1_156' title='bbox 713 2917 731 2956; x_wconf 93' lang='lat' dir='ltr'><strong>a</strong></span> <span class='ocrx_word' id='word_1_157' title='bbox 751 2894 950 2974; x_wconf 84' lang='lat' dir='ltr'><strong>Magontiaco</strong></span> <span class='ocrx_word' id='word_1_158' title='bbox 971 2895 1109 2974; x_wconf 84' lang='lat' dir='ltr'><strong>legiones</strong></span> <span class='ocrx_word' id='word_1_159' title='bbox 1130 2903 1350 2976; x_wconf 86' lang='lat' dir='ltr'><strong>sequerentur,</strong></span> 
     </span>
     <span class='ocr_line' id='line_1_23' title="bbox 328 3004 1350 3096; baseline -0.002 -27"><span class='ocrx_word' id='word_1_160' title='bbox 328 3005 467 3086; x_wconf 85' lang='lat' dir='ltr'><strong>ejusdem</strong></span> <span class='ocrx_word' id='word_1_161' title='bbox 486 3004 668 3091; x_wconf 88' lang='lat' dir='ltr'><strong>proditione</strong></span> <span class='ocrx_word' id='word_1_162' title='bbox 690 3027 797 3072; x_wconf 87' lang='lat' dir='ltr'><strong>caesos</strong></span> <span class='ocrx_word' id='word_1_163' title='bbox 823 3008 919 3096; x_wconf 87' lang='lat' dir='ltr'><strong>nullis</strong></span> <span class='ocrx_word' id='word_1_164' title='bbox 940 3007 1234 3090; x_wconf 79' lang='lat' dir='ltr'><strong>supervenientibus</strong></span> <span class='ocrx_word' id='word_1_165' title='bbox 1256 3005 1350 3068; x_wconf 84' lang='lat' dir='ltr'><strong>auxi-</strong></span> 
     </span>
     <span class='ocr_line' id='line_1_24' title="bbox 326 3118 1350 3207; baseline -0.002 -23"><span class='ocrx_word' id='word_1_166' title='bbox 326 3119 387 3184; x_wconf 89' lang='lat' dir='ltr'><strong>liis.</strong></span> <span class='ocrx_word' id='word_1_167' title='bbox 428 3122 534 3202; x_wconf 84' lang='lat' dir='ltr'><strong>ignota</strong></span> <span class='ocrx_word' id='word_1_168' title='bbox 559 3125 637 3186; x_wconf 91' lang='lat' dir='ltr'><strong>haec</strong></span> <span class='ocrx_word' id='word_1_169' title='bbox 665 3125 775 3186; x_wconf 87' lang='lat' dir='ltr'><strong>ceteris</strong></span> <span class='ocrx_word' id='word_1_170' title='bbox 797 3118 1003 3201; x_wconf 72' lang='lat' dir='ltr'><strong>exercitibus,</strong></span> <span class='ocrx_word' id='word_1_171' title='bbox 1035 3144 1140 3207; x_wconf 92' lang='lat' dir='ltr'><strong>neque</strong></span> <span class='ocrx_word' id='word_1_172' title='bbox 1163 3122 1350 3203; x_wconf 88' lang='lat' dir='ltr'><strong>imperatori</strong></span> 
     </span>
     <span class='ocr_line' id='line_1_25' title="bbox 327 3234 1350 3322; baseline -0.004 -23"><span class='ocrx_word' id='word_1_173' title='bbox 327 3256 386 3300; x_wconf 91' lang='lat' dir='ltr'><strong>suo</strong></span> <span class='ocrx_word' id='word_1_174' title='bbox 407 3237 565 3317; x_wconf 89' lang='lat' dir='ltr'><strong>nuntiari,</strong></span> <span class='ocrx_word' id='word_1_175' title='bbox 593 3260 691 3322; x_wconf 92' lang='lat' dir='ltr'><strong>quum</strong></span> <span class='ocrx_word' id='word_1_176' title='bbox 713 3262 844 3303; x_wconf 90' lang='lat' dir='ltr'><strong>accursu</strong></span> <span class='ocrx_word' id='word_1_177' title='bbox 864 3252 911 3303; x_wconf 88' lang='lat' dir='ltr'><strong>tot</strong></span> <span class='ocrx_word' id='word_1_178' title='bbox 932 3237 1167 3322; x_wconf 87' lang='lat' dir='ltr'><strong>provinciarum</strong></span> <span class='ocrx_word' id='word_1_179' title='bbox 1191 3234 1350 3315; x_wconf 85' lang='lat' dir='ltr'><strong>exstingui</strong></span> 
     </span>
     <span class='ocr_line' id='line_1_26' title="bbox 327 3350 1351 3435; baseline 0.001 -24"><span class='ocrx_word' id='word_1_180' title='bbox 327 3370 441 3430; x_wconf 90' lang='lat' dir='ltr'><strong>repens</strong></span> <span class='ocrx_word' id='word_1_181' title='bbox 469 3350 601 3433; x_wconf 85' lang='lat' dir='ltr'><strong>perfidia</strong></span> <span class='ocrx_word' id='word_1_182' title='bbox 626 3355 787 3435; x_wconf 89' lang='lat' dir='ltr'><strong>potuerit.&#39;</strong></span> <span class='ocrx_word' id='word_1_183' title='bbox 834 3352 1038 3418; x_wconf 86' lang='lat' dir='ltr'><strong>Hordeonius</strong></span> <span class='ocrx_word' id='word_1_184' title='bbox 1066 3351 1258 3434; x_wconf 85' lang='lat' dir='ltr'><strong>exemplaria</strong></span> <span class='ocrx_word' id='word_1_185' title='bbox 1279 3371 1351 3413; x_wconf 92' lang='lat' dir='ltr'><strong>om·</strong></span> 
     </span>
     <span class='ocr_line' id='line_1_27' title="bbox 328 3467 1352 3554; baseline -0.001 -25"><span class='ocrx_word' id='word_1_186' title='bbox 328 3467 418 3531; x_wconf 90' lang='lat' dir='ltr'><strong>nium</strong></span> <span class='ocrx_word' id='word_1_187' title='bbox 445 3470 625 3548; x_wconf 87' lang='lat' dir='ltr'><strong>literarum,</strong></span> <span class='ocrx_word' id='word_1_188' title='bbox 655 3471 770 3553; x_wconf 87' lang='lat' dir='ltr'><strong>quibus</strong></span> <span class='ocrx_word' id='word_1_189' title='bbox 799 3491 859 3554; x_wconf 90' lang='lat' dir='ltr'><strong>per</strong></span> <span class='ocrx_word' id='word_1_190' title='bbox 887 3470 1005 3533; x_wconf 85' lang='lat' dir='ltr'><strong>Gallias</strong></span> <span class='ocrx_word' id='word_1_191' title='bbox 1033 3468 1291 3550; x_wconf 85' lang='lat' dir='ltr'><strong>Britanniamque</strong></span> <span class='ocrx_word' id='word_1_192' title='bbox 1315 3478 1352 3528; x_wconf 91' lang='lat' dir='ltr'><strong>et</strong></span> 
     </span>
     <span class='ocr_line' id='line_1_28' title="bbox 327 3581 1350 3667; baseline -0.003 -22"><span class='ocrx_word' id='word_1_193' title='bbox 327 3583 495 3667; x_wconf 89' lang='lat' dir='ltr'><strong>Hispanias</strong></span> <span class='ocrx_word' id='word_1_194' title='bbox 516 3585 634 3648; x_wconf 85' lang='lat' dir='ltr'><strong>auxilia</strong></span> <span class='ocrx_word' id='word_1_195' title='bbox 655 3588 785 3665; x_wconf 88' lang='lat' dir='ltr'><strong>orabat,</strong></span> <span class='ocrx_word' id='word_1_196' title='bbox 815 3584 968 3648; x_wconf 85' lang='lat' dir='ltr'><strong>exercitui</strong></span> <span class='ocrx_word' id='word_1_197' title='bbox 989 3583 1130 3647; x_wconf 82' lang='lat' dir='ltr'><strong>recitavit</strong></span> <span class='ocrx_word' id='word_1_198' title='bbox 1150 3581 1350 3664; x_wconf 88' lang='lat' dir='ltr'><strong>instituitque</strong></span> 
     </span>
     <span class='ocr_line' id='line_1_29' title="bbox 327 3697 1351 3784; baseline 0 -27"><span class='ocrx_word' id='word_1_199' title='bbox 327 3697 498 3778; x_wconf 88' lang='lat' dir='ltr'><strong>pessimum</strong></span> <span class='ocrx_word' id='word_1_200' title='bbox 518 3700 656 3782; x_wconf 85' lang='lat' dir='ltr'><strong>facinus,</strong></span> <span class='ocrx_word' id='word_1_201' title='bbox 682 3714 719 3765; x_wconf 91' lang='lat' dir='ltr'><strong>ut</strong></span> <span class='ocrx_word' id='word_1_202' title='bbox 740 3700 889 3784; x_wconf 88' lang='lat' dir='ltr'><strong>epistolae</strong></span> <span class='ocrx_word' id='word_1_203' title='bbox 911 3700 1083 3784; x_wconf 82' lang='lat' dir='ltr'><strong>aquiliferis</strong></span> <span class='ocrx_word' id='word_1_204' title='bbox 1103 3700 1262 3780; x_wconf 85' lang='lat' dir='ltr'><strong>legionum</strong></span> <span class='ocrx_word' id='word_1_205' title='bbox 1282 3709 1351 3758; x_wconf 85' lang='lat' dir='ltr'><strong>tra·</strong></span> 
     </span>
     <span class='ocr_line' id='line_1_30' title="bbox 328 3806 1351 3896; baseline 0.001 -26"><span class='ocrx_word' id='word_1_206' title='bbox 328 3806 497 3890; x_wconf 79' lang='lat' dir='ltr'><strong>darentur,</strong></span> <span class='ocrx_word' id='word_1_207' title='bbox 525 3815 636 3896; x_wconf 90' lang='lat' dir='ltr'><strong>aquis</strong></span> <span class='ocrx_word' id='word_1_208' title='bbox 659 3826 731 3877; x_wconf 91' lang='lat' dir='ltr'><strong>ante</strong></span> <span class='ocrx_word' id='word_1_209' title='bbox 759 3812 851 3875; x_wconf 89' lang='lat' dir='ltr'><strong>militi</strong></span> <span class='ocrx_word' id='word_1_210' title='bbox 879 3834 973 3896; x_wconf 89' lang='lat' dir='ltr'><strong>quam</strong></span> <span class='ocrx_word' id='word_1_211' title='bbox 1001 3810 1133 3875; x_wconf 91' lang='lat' dir='ltr'><strong>ducibus</strong></span> <span class='ocrx_word' id='word_1_212' title='bbox 1153 3811 1351 3891; x_wconf 81' lang='lat' dir='ltr'><strong>legebantur.</strong></span> 
     </span>
     <span class='ocr_line' id='line_1_31' title="bbox 328 3919 1352 4007; baseline -0.005 -19"><span class='ocrx_word' id='word_1_213' title='bbox 328 3926 410 3988; x_wconf 87' lang='lat' dir='ltr'><strong>Tum</strong></span> <span class='ocrx_word' id='word_1_214' title='bbox 435 3947 452 3987; x_wconf 88' lang='lat' dir='ltr'><strong>e</strong></span> <span class='ocrx_word' id='word_1_215' title='bbox 482 3923 636 3991; x_wconf 86' lang='lat' dir='ltr'><strong>seditiosis</strong></span> <span class='ocrx_word' id='word_1_216' title='bbox 660 3950 759 3991; x_wconf 92' lang='lat' dir='ltr'><strong>unum</strong></span> <span class='ocrx_word' id='word_1_217' title='bbox 788 3928 902 3992; x_wconf 87' lang='lat' dir='ltr'><strong>vinciri</strong></span> <span class='ocrx_word' id='word_1_218' title='bbox 929 3929 1018 4007; x_wconf 86' lang='lat' dir='ltr'><strong>jubet</strong></span> <span class='ocrx_word' id='word_1_219' title='bbox 1047 3925 1143 4006; x_wconf 83' lang='lat' dir='ltr'><strong>magis</strong></span> <span class='ocrx_word' id='word_1_220' title='bbox 1172 3919 1352 4004; x_wconf 84' lang='lat' dir='ltr'><strong>usurpandi</strong></span> 
     </span>
     <span class='ocr_line' id='line_1_32' title="bbox 327 4035 1350 4123; baseline -0.004 -24"><span class='ocrx_word' id='word_1_221' title='bbox 327 4041 405 4117; x_wconf 90' lang='lat' dir='ltr'><strong>juris</strong></span> <span class='ocrx_word' id='word_1_222' title='bbox 436 4061 530 4122; x_wconf 87' lang='lat' dir='ltr'><strong>quam</strong></span> <span class='ocrx_word' id='word_1_223' title='bbox 563 4040 641 4123; x_wconf 87' lang='lat' dir='ltr'><strong>qnia</strong></span> <span class='ocrx_word' id='word_1_224' title='bbox 666 4042 761 4104; x_wconf 90' lang='lat' dir='ltr'><strong>unius</strong></span> <span class='ocrx_word' id='word_1_225' title='bbox 790 4043 882 4123; x_wconf 87' lang='lat' dir='ltr'><strong>culpa</strong></span> <span class='ocrx_word' id='word_1_226' title='bbox 905 4041 997 4102; x_wconf 84' lang='lat' dir='ltr'><strong>foret.</strong></span> <span class='ocrx_word' id='word_1_227' title='bbox 1045 4052 1212 4121; x_wconf 87' lang='lat' dir='ltr'><strong>motusque</strong></span> <span class='ocrx_word' id='word_1_228' title='bbox 1233 4035 1350 4099; x_wconf 85' lang='lat' dir='ltr'><strong>Bonna</strong></span> 
     </span>
     <span class='ocr_line' id='line_1_33' title="bbox 328 4150 1351 4234; baseline 0 -23"><span class='ocrx_word' id='word_1_229' title='bbox 328 4151 480 4214; x_wconf 85' lang='lat' dir='ltr'><strong>exercitus</strong></span> <span class='ocrx_word' id='word_1_230' title='bbox 509 4154 541 4213; x_wconf 87' lang='lat' dir='ltr'><strong>in</strong></span> <span class='ocrx_word' id='word_1_231' title='bbox 573 4150 727 4215; x_wconf 85' lang='lat' dir='ltr'><strong>coloniam</strong></span> <span class='ocrx_word' id='word_1_232' title='bbox 755 4152 1004 4234; x_wconf 81' lang='lat' dir='ltr'><strong>agrippinensem</strong></span> <span class='ocrx_word' id='word_1_233' title='bbox 1034 4150 1235 4215; x_wconf 80' lang='lat' dir='ltr'><strong>affluentibus</strong></span> <span class='ocrx_word' id='word_1_234' title='bbox 1256 4150 1351 4212; x_wconf 70' lang='lat' dir='ltr'><strong>arixi-</strong></span> 
     </span>
    </p>
   </div>
   <div class='ocr_carea' id='block_1_3' title="bbox 0 0 1480 4775">
    <p class='ocr_par' dir='ltr' id='par_1_4' title="bbox 0 0 1480 4775">
     <span class='ocr_line' id='line_1_34' title="bbox 0 0 1480 4775; baseline 0 0"><span class='ocrx_word' id='word_1_235' title='bbox 0 0 1480 4775; x_wconf 95' lang='lat' dir='ltr'><strong> </strong></span> 
     </span>
    </p>
   </div>
  </div>
 </body>
</html>
