2950 4775
340 410 383 474 20
732 402 964 471 annulum

343 584 434 648 dibus
464 583 675 664 perculerunt.
726 580 806 643 Mox
835 582 974 660 ingentes
1003 577 1071 658 Caii
1100 579 1231 643 caesaris
1259 579 1365 645 minae

341 701 375 761 in
396 696 568 760 ludibrium
588 716 708 761 versae.
749 692 827 757 Inde
849 694 965 770 otium3
993 690 1094 756 donec
1114 694 1276 757 occasione
1291 694 1364 770 ‚dis-

342 813 466 876 cordiae
491 825 615 875 nostrae
630 815 675 874 'et
704 809 842 875 civilium
869 828 1029 871 armorum
1059 811 1243 892 expugnatis
1263 801 1363 892 legio·

343 949 420 991 num
439 927 591 1004 hibernis,
613 924 705 987 etiam
726 922 842 986 Gallias
865 922 1063 999 affectavere,
1085 944 1120 984 ac
1137 943 1247 987 rursus
1268 923 1363 1006 pulsi,

341 1040 414 1105 inde
443 1040 595 1125 proximis
619 1035 815 1118 temporibus
837 1034 1022 1117 triumphati
1047 1035 1144 1114 magis
1173 1058 1267 1120 quam
1288 1036 1364 1102 victi

343 1167 425 1218 sunt.
1098 1215 1104 1240 ι

295 1279 330 1328 ³8
426 1268 520 1332 Nunc
543 1266 581 1328 de
603 1265 712 1329 Suavis
734 1263 900 1329 dicendum
923 1276 978 1339 est,
1000 1281 1135 1345 quorum
1156 1280 1222 1323 non
1242 1281 1306 1321 una
1326 1272 1367 1322 ut

343 1380 528 1445 Chattorum
549 1382 815 1443 Tencterorumve
837 1398 929 1457 gen-st
953 1380 1104 1454 maiorem
1126 1372 1210 1435 enim
1231 1372 1363 1434 Germa·

342 1497 413 1556 niae
442 1506 564 1576 partem
585 1494 745 1568 obtinent,
777 1489 914 1572 propriis
936 1488 1037 1551 adhuc
1060 1486 1239 1550 nationibus
1261 1487 1364 1549 nomi·

341 1612 498 1694 nibosque
520 1609 661 1688 discreti,
686 1628 867 1691 quanquam
887 1608 921 1668 in
943 1626 1109 1668 commune
1130 1603 1226 1668 Suevi
1246 1622 1364 1667 vocen-

342 1740 405 1789 tur.
451 1727 575 1805 Insigne
598 1726 697 1804 gentis
719 1723 882 1805 obliquare
905 1723 1020 1784 crinem
1042 1720 1191 1803 nodoque
1212 1721 1365 1782 substrin-

341 1863 425 1925 gere.
474 1843 518 1902 sic
540 1839 635 1902 Suevi
664 1838 1018 1932 eceterisuGermanis,
1047 1838 1091 1899 sic
1112 1835 1289 1900 suevorum
1312 1835 1363 1898 in-

343 1956 437 2037 genui
458 1979 476 2019 a
497 1956 593 2018 servis
617 1966 814 2034 separantur.
855 1953 889 2013 in
916 1953 983 2013 aliis
1004 1951 1149 2031 gentibus
1171 1969 1226 2011 seu
1249 1967 1361 2028 cogna-

341 2070 428 2131 tione
450 2069 556 2150 nliqua
576 2065 770 2145 Suevorum',
800 2088 872 2144 seu,
894 2065 980 2150 quod
1004 2085 1095 2146 saepe
1116 2062 1241 2141 accidit,
1261 2064 1365 2126 imita·

341 2182 447 2257 tione,
475 2201 581 2241 rarum
611 2191 642 2242 et
669 2180 753 2242 intra
780 2185 925 2256 juventae
954 2179 1105 2259 spatium:
1137 2175 1222 2260 apud
1242 2177 1364 2242 Suevos

343 2313 443 2375 usque
466 2290 505 2355 ad
530 2294 673 2355 canitiem
696 2293 877 2355 horrentem
901 2290 1047 2371 capillum
1068 2304 1153 2352 retro
1176 2302 1364 2375 sequuntur,

344 2429 379 2470 ac
401 2427 492 2488 saepe
514 2407 637 2489 inipso
659 2407 776 2470 vertice
804 2406 945 2485 religant.
993 2404 1151 2487 principes
1175 2420 1205 2469 et
1226 2406 1365 2470 ornatio·

343 2546 412 2587 rem
429 2526 556 2587 habent.
600 2546 637 2587 ea
656 2545 730 2586 cura
750 2524 880 2598 formae,
900 2519 955 2581 sed
973 2520 1140 2583 innoxiae:
1160 2520 1365 2605 nequeenim

344 2651 379 2700 ut
401 2652 506 2700 ament
526 2650 725 2715 amenturve,
756 2638 790 2698 in
815 2633 1010 2698 altitudinem
1033 2635 1191 2718 quandam
1212 2650 1244 2700 et
1262 2649 1365 2700 terro·

343 2771 411 2813 rem
434 2751 549 2814 adituri
574 2754 656 2815 bella
679 2753 812 2833 compti,
840 2766 876 2814 ut
895 2753 1032 2813 bostium
1057 2751 1170 2830 oculis,
1201 2763 1365 2815 ornantur.

295 2869 331 2918 39
428 2855 661 2929 Vetustissimos
684 2888 717 2928 se
740 2846 1014 2948 nobilissimosque
1034 2864 1211 2928 Suevorum
1231 2865 1365 2932 Semno-

344 3003 399 3045 nes
437 2995 623 3045 memorant.
688 2981 764 3044 fides
801 2983 992 3065 antiquitatis
1026 2982 1178 3062 religione
1211 2981 1365 3045 firmatur.

343 3092 432 3158 Stato
457 3108 599 3176 tempore
619 3095 654 3156 in
674 3096 784 3158 silvam
811 3095 947 3176 auguriis
966 3107 1092 3176 patrum
1114 3108 1145 3158 et
1169 3096 1271 3178 prisca
1297 3098 1364 3158 sor·

342 3207 460 3271 midine
482 3231 601 3272 sacram
621 3228 730 3270 omnes
754 3206 892 3286 ejusdem
919 3208 1077 3288 sanguinis
1104 3210 1214 3290 populi
1234 3208 1365 3289 legatio·

343 3325 437 3390 nibus
467 3339 581 3390 coeunt
609 3347 762 3410 caesoque
791 3325 916 3406 publice
945 3325 1073 3386 homine
1101 3326 1260 3387 celebrant
1289 3328 1364 3388 bar·

343 3447 413 3509 bari
440 3446 519 3509 ritus
547 3445 707 3509 horrenda
734 3445 917 3527 primordia.
960 3444 1016 3507 Est
1043 3456 1075 3507 et
1100 3446 1161 3507 alia
1180 3446 1253 3509 luco
1273 3467 1364 3517 reve-

344 3563 460 3626 rentia:
490 3583 583 3625 nemo
614 3562 675 3623 nisi
701 3563 828 3625 vinculo
857 3562 970 3641 ligatus
995 3558 1170 3640 ingreditur
1197 3571 1234 3622 ut
1260 3561 1365 3622 minor

345 3690 376 3740 et
404 3689 589 3759 potestatem
618 3679 756 3740 numinis
787 3699 865 3758 prae
894 3698 926 3740 se
956 3677 1070 3738 ferens.
1121 3674 1147 3736 si
1175 3675 1257 3736 forte
1288 3693 1364 3755 pro·

343 3791 451 3872 lapsus
478 3802 540 3863 est,
571 3791 669 3852 attolli
700 3804 730 3852 et
757 3791 918 3869 insurgere
947 3785 1033 3849 haud
1059 3787 1196 3849 licitum:
1225 3809 1283 3868 per
1303 3788 1365 3848 hu·

346 3925 433 3965 mum
468 3905 668 3966 evolvuntur.
729 3903 840 3986 quue
877 3902 978 3964 omnis
1016 3899 1195 3981 superstitio
1229 3891 1366 3981 respicit,

346 4026 497 4096 tauquam
523 4013 595 4076 inde
622 4015 710 4076 initia
731 4017 847 4094 gentis,
877 4014 923 4076 ibi
943 4026 1091 4093 regnator
1116 4013 1257 4075 omnium
1277 4011 1365 4091 deus,

347 4140 448 4188 cetera
469 4130 606 4204 subjecta
629 4141 720 4210 atque
742 4127 894 4211 parentia.
937 4127 1049 4206 Adjicit
1068 4128 1282 4190 alletoritatem
1301 4128 1365 4190 lor·
1424 4199 1430 4209 ἱ
