2950 4775
327 385 374 453 42
671 390 734 460 EX
756 391 1014 463 ANNALIBUS

244 575 315 641 ω
414 564 529 630 Caesar
554 578 764 650 transgmssus
784 568 945 651 Visurgim
971 567 1090 634 indicio
1117 570 1267 653 perfugae
1295 592 1351 635 co-

325 682 447 762 gnoscit
478 682 633 747 delectum
667 687 706 750 ab
735 685 879 748 Arminio
913 687 1019 750 locum
1047 708 1180 769 pugnae.
1235 710 1350 753 conve-

326 799 410 861 nisse
436 810 467 861 et
488 799 563 862 alias
585 800 727 863 nationes
747 799 782 861 in
805 800 916 865 silvam
937 800 1067 863 Herculi
1087 821 1225 881 sacram,
1253 823 1349 864 ausu·

325 911 441 998 rosque
472 917 658 978 nocturnam
679 921 868 979 sannorum
898 917 1174 998 oppugnationem.
1231 917 1349 981 Habita

324 1026 421 1091 indici
439 1027 534 1107 fides,
564 1041 596 1091 et
616 1030 826 1090 cernebantur
846 1028 949 1110 ignes,
978 1031 1193 1115 suggressique
1213 1031 1348 1113 propius

323 1141 535 1226 speculatores
564 1140 667 1207 audiri
698 1144 858 1208 fremitum
891 1165 1048 1229 equorum
1074 1143 1282 1227 immensique
1309 1151 1348 1207 ‘st

322 1258 474 1323 inconditi
507 1260 637 1341 agminis
668 1282 812 1324 murmur
842 1264 984 1326 attulere.
1032 1261 1131 1341 Igitur
1162 1261 1347 1343 propinquo

322 1392 461 1439 summae
497 1379 546 1438 rei
575 1375 756 1439 discrimine
790 1375 1022 1459 explorandum
1052 1377 1188 1439 militum
1221 1375 1345 1439 animos

320 1503 426 1572 ratus,
457 1513 595 1576 quonam
617 1490 651 1556 id
675 1491 772 1556 modo
800 1494 1020 1575 incorruptum
1042 1493 1128 1556 foret
1153 1507 1259 1554 tecum
1280 1491 1346 1570 sgi-

320 1606 423 1670 tabat-:
451 1605 597 1669 tribunos
617 1618 649 1668 et
672 1607 872 1669 centurIones
895 1607 978 1668 laeta
998 1607 1121 1687 saepius
1142 1627 1238 1689 quam
1258 1624 1345 1667 eom·

319 1701 412 1799 perta·
428 1719 585 1796 nuntiare,
605 1721 793 1782 libertorum
814 1721 939 1785 servilia
959 1720 1093 1801 ingenia,
1115 1719 1221 1784 amir’m
1240 1719 1345 1782 inesse

320 1832 543 1895 adulationem.
585 1835 613 1895 si
634 1833 744 1898 concio
766 1843 906 1912 uocetur,
927 1834 991 1896 illic
1008 1855 1137 1918 quoque
1156 1856 1237 1919 quae
1250 1834 1344 1918 pauci

318 1943 469 2027 incipiant
488 1945 629 2029 reliquos
651 1946 848 2028 adstrepere:
871 1947 999 2029 penitus
1020 1948 1192 2013 noscendas
1209 1962 1343 2031 mentes,

319 2081 419 2145 quum
446 2062 559 2124 secreti
582 2073 613 2124 et
639 2059 823 2124 incustoditi
851 2061 935 2126 inter
963 2062 1113 2127 militares
1141 2062 1228 2128 'eibos
1251 2084 1342 2146 spem

319 2190 372 2240 aut
393 2177 511 2239 metum
531 2177 723 2259 proferrent.

232 2302 303 2366 κω
400 2290 501 2354 Nocte
524 2305 632 2375 coepta
657 2299 798 2373 egressus
819 2289 963 2373 augurali
983 2312 1042 2373 per
1068 2294 1190 2364 occulta
1210 2304 1242 2356 et
1261 2293 1342 2374 rigi·

316 2406 399 2470 libus
423 2406 541 2490 ignara,
563 2410 675 2474 comite
691 2433 767 2489 uno,
789 2422 949 2475 contectus
965 2412 1115 2472 humeros
1132 2409 1234 2472 ferina
1247 2409 1341 2489 pelle,

316 2515 382 2583 adit
400 2535 573 2588 castrorum
591 2524 667 2601 vias,
691 2522 812 2586 adsistit
827 2524 1039 2587 tabernaculis
1057 2523 1342 2605 fruiturquefama

315 2638 375 2716 sui,
396 2660 495 2723 quum
517 2640 570 2702 hio
590 2640 788 2702 nobilitatem
811 2637 909 2713 ducis,
934 2637 1079 2701 d'ecorem
1100 2638 1190 2717 abus,
1210 2636 1341 2720 plurimi

313 2749 506 2836 patientiam,
528 2755 715 2832 comitatem,
736 2758 802 2836 'per
824 2753 905 2817 seria
927 2772 987 2834 per
1006 2756 1095 2830 jocos
1116 2748 1250 2813 eundem
1270 2753 1340 2812 ani·

314 2890 402 2933 mum
429 2868 577 2933 laudibus
606 2872 727 2932 ferrent
758 2867 1014 2952 reddendamque
1046 2870 1177 2948 gratiam
1207 2868 1242 2931 in
1270 2868 1337 2931 aeis

312 2986 503 3049 faterentur:
533 2988 627 3049 sitnul
650 2985 787 3070 perfidos
815 2998 847 3048 et
872 2997 1019 3066 ruptores
1048 2983 1134 3065 pacis
1163 2982 1278 3047 ultioni
1306 2994 1338 3045 et

311 3105 430 3184 gloriae
457 3101 648 3168 mactandos.
697 3106 786 3166 Inter
809 3122 891 3187 quae
921 3122 1005 3187 unus
1029 3101 1188 3180 hostium,
1218 3099 1335 3165 latinae

311 3216 437 3297 linguae
461 3217 577 3293 sciens,
606 3228 675 3280 acto
700 3192 741 3278 ad
769 3217 889 3299 vallum
910 3234 994 3297 equo
1021 3236 1100 3280 uoce
1125 3236 1238 3296 magna
1258 3235 1336 3279 eon·

312 3334 400 3414 juges
429 3345 461 3395 et
490 3352 579 3413 agros
609 3343 640 3393 et
668 3328 817 3412 stipendii
841 3329 876 3392 in
907 3327 991 3407 dies,
1026 3327 1127 3393 donec
1152 3329 1335 3409 bellaretur,

313 3450 473 3512 sestertios
495 3460 652 3524 centenos,
672 3447 700 3508 si
720 3447 792 3530 'qutis
810 3445 1036 3526 transfugisset,
1056 3443 1192 3511 Arminii
1207 3443 1336 3507 nomine

313 3564 491 3648 pollicetur.
532 3559 676 3626 Incendit
690 3582 728 3623 ea
742 3563 931 3624 contumelia
944 3561 1103 3642 legionum
1115 3562 1194 3626 iras:
1213 3559 1337 3625 veniret

313 3678 398 3758 dies,
428 3678 558 3741 daretur
577 3696 701 3759 pugna,
732 3687 931 3757 sumpturum
952 3674 1082 3737 militem
1104 3673 1335 3737 Germanorum

311 3794 412 3878 agros,
433 3801 607 3857 tracturum
626 3795 781 3872 conjuges,
803 3791 942 3874 accipere
961 3811 1064 3870 omen,
1084 3800 1116 3850 ct
1133 3788 1335 3861 matrimonia

311 3931 347 3971 ac
377 3906 537 3991 pecunias
552 3905 691 3968 hostium
716 3903 853 3987 praedae
879 3903 1046 3967 destinare.
1086 3902 1208 3966 Tertia
1234 3903 1334 3965 ferme

310 4021 416 4105 vigilia
431 4022 617 4085 assultatum
636 4032 682 4084 est
701 4021 808 4084 castris
827 4019 893 4082 sine
913 4022 1055 4096 conjectu
1074 4016 1140 4095 teli,
1164 4028 1333 4100 postquam

311 4143 435 4204 crebras
447 4158 506 4221 pro
518 4135 719 4200 munimentis
733 4138 878 4201 cohortes
892 4149 922 4199 et
932 4133 1012 4198 nibil
1022 4134 1187 4198 remissum
1198 4153 1333 4199 sensere.

1450 4468 1458 4753 l
