2950 4775
470 345 810 446 nxsuuanmus
1103 373 1147 440 er

133 551 261 618 dieram.
311 552 444 617 Caecina
474 573 545 616 cum
576 549 729 636 expeditis
756 546 938 616 cohortibus
966 544 1089 631 praeire
1118 556 1148 606 et

132 667 288 731 obstantia
307 667 458 732 silvarum
479 666 602 731 amoliri
624 670 769 746 jubetur:
793 665 932 745 legiones
953 660 1076 725 modico
1097 658 1147 721 in·

128 785 261 849 tervallo
284 796 471 866 sequuntur.
512 783 596 847 luvit
617 801 684 844 nox
706 777 861 843 sideribus
881 778 1037 854 inlustris,
1068 795 1146 840 reu·

127 910 259 980 tumque
289 895 329 959 ad
359 898 445 960 vicos
473 897 671 972 Marsorum,
700 907 732 956 et
762 890 968 958 circumdatae
998 892 1146 954 stationes

129 1013 232 1073 stratis
254 1011 347 1073 etiam
368 1022 436 1073 tum
456 1031 515 1091 per
537 1006 651 1072 cubilia
670 1021 865 1092 propterque
886 1028 1025 1080 mensas,
1056 1006 1145 1066 nullo

128 1138 231 1203 metu,
256 1147 320 1189 non
343 1126 524 1207 antepositis
543 1125 666 1206 vigiliis.
710 1121 789 1187 adeo
811 1135 921 1185 cuncta
942 1121 1064 1184 incuria
1083 1117 1145 1180 dis-

128 1244 208 1316 jecta
235 1252 342 1301 erant:
374 1260 479 1322 neque
502 1239 578 1301 belli
598 1238 711 1315 timor,
734 1257 770 1298 ac
791 1257 832 1298 ne
853 1258 918 1319 pax
939 1235 1064 1319 quidem
1085 1234 1146 1298 nisi

126 1352 275 1434 languida
295 1365 326 1414 et
346 1355 448 1417 soluta
466 1352 550 1413 inter
570 1353 765 1413 temulentos.

215 1465 330 1529 Caesar
349 1465 455 1530 avidas
475 1469 628 1547 legiones,
661 1486 725 1550 quo
750 1463 845 1527 latior
869 1465 1032 1547 populatio
1052 1464 1228 1542 soret,1‚5l

129 1592 276 1662 quattuor
295 1580 330 1641 in
351 1603 467 1645 cuneos
489 1582 646 1663 dispertit,
672 1581 900 1665 quinquaginta
919 1580 1051 1641 millium
1073 1601 1145 1660 spa·

126 1694 205 1756 tium
227 1695 313 1756 ferro
336 1694 532 1779 flammisque
554 1707 729 1777 pervastat:
755 1715 820 1757 non
842 1714 953 1770 sexus,
976 1711 1039 1752 non
1062 1701 1145 1752 aetas

127 1809 357 1873 miseratIonem
378 1810 498 1887 attulit,
527 1812 663 1892 prolana
683 1808 776 1871 simul
798 1819 829 1870 et
848 1829 935 1870 sacra
956 1817 987 1867 et
1010 1805 1146 1867 celeber·

126 1924 243 1987 rimum
263 1923 325 1987 illis
346 1928 491 2005 gentibus
511 1928 672 2007 templum,
694 1923 782 2009 quod
800 1923 961 1985 Tanfanae
982 1922 1146 1998 vocabant,

129 2039 197 2099 solo
220 2050 405 2120 aequantur.
447 2038 513 2101 sine
539 2040 669 2104 vulnere
691 2038 821 2115 milites,
854 2037 910 2119 qui
931 2035 1144 2113 semisomnos,

128 2150 265 2212 inermos
279 2163 334 2212 aut
347 2155 488 2232 palantes
501 2150 687 2214 ceciderant.
710 2151 834 2214 Excivit
846 2172 882 2211 ea
894 2148 1002 2213 caedes
1013 2151 1145 2212 Bructe-

127 2284 188 2341 ros,
205 2266 373 2346 Tubantes,
388 2268 549 2349 Usipetes3
571 2269 740 2351 saltusque,
757 2289 817 2348 per
833 2288 913 2350 quos
929 2267 1080 2330 exercitui
1093 2287 1144 2329 re·

125 2401 258 2460 gressus,
281 2380 434 2445 insedere.
476 2380 562 2464 quod
578 2403 711 2462 gnarum
728 2378 817 2460 duci,
837 2382 1024 2465 incessitque
1039 2380 1145 2444 itineri

125 2507 156 2557 et
168 2495 301 2576 proelio.
334 2516 407 2577 pars
421 2496 560 2579 equitum
578 2510 609 2558 et
623 2497 807 2559 auxiliariae
823 2499 965 2561 cohortes
980 2497 1145 2575 ducebant,

126 2627 202 2670 mox
219 2610 319 2689 prima
338 2611 429 2688 legio,
452 2622 482 2671 et
501 2608 611 2671 mediis
631 2609 861 2692 impedimentis
882 2612 1041 2673 sinistrum
1061 2614 1143 2674 latus

125 2721 394 2800 unetvicesimani,
421 2721 733 2806 dextruquuintani
755 2724 910 2802 clausere,
930 2724 1077 2786 vicesima
1096 2726 1142 2785 le·

106 2837 176 2917 *gio
203 2850 289 2916 terga
316 2834 469 2913 firmavit,
500 2848 572 2918 post
602 2836 697 2898 ceteri
725 2835 892 2899 sociorum.
941 2835 1003 2898 Sed
1028 2838 1143 2916 hostes,

126 2952 226 3016 donec
253 2974 364 3043 agmen
381 2972 441 3034 per
462 2953 558 3015 saltus
581 2953 812 3034 porrigeretur,
837 2953 976 3031 immoti,
1003 2951 1076 3015 dein
1095 2956 1142 3016 la-

125 3078 192 3128 tera
222 3079 251 3129 et
278 3068 414 3129 frontem
441 3065 563 3129 modice
591 3064 780 3130 adsultantes
803 3080 868 3130 tota
894 3068 928 3132 vi
955 3068 1142 3134 novissimos

123 3180 296 3242 incurrere.
338 3179 622 3262 Turbabanturque
654 3179 758 3244 densis
784 3182 1015 3246 Germanorum
1043 3195 1142 3245 cater-

123 3292 172 3357 vis
193 3296 278 3357 leves
299 3293 459 3370 cohortes,
488 3314 558 3355 cum
579 3315 684 3357 caesar
704 3294 851 3359 advectus
876 3297 915 3359 ad
935 3297 1141 3361 vicesimanos

122 3428 201 3472 voce
231 3429 344 3486 magna
378 3409 439 3470 hoc
467 3408 547 3472 ittud
578 3422 701 3493 tempus
734 3412 945 3475 obliterandae
980 3414 1141 3476 seditionis

125 3523 318 3585 clamitabat:
338 3534 513 3604 pergerent,
533 3537 741 3606 properarent
760 3527 884 3606 culpam
900 3527 935 3588 in
956 3525 1050 3589 decus
1069 3548 1141 3591 ver·

22 3636 24 3641 ’
121 3647 199 3699 tere.
247 3638 403 3699 Exarsere
425 3638 552 3716 animis,
583 3660 712 3722 unoque
733 3642 852 3722 impetu
875 3655 1059 3723 perruptum
1081 3644 1141 3705 ho·
1181 3708 1189 3723 .

122 3762 200 3812 stem
220 3749 368 3830 redigunt
388 3750 421 3811 in
445 3764 552 3831 aperta
573 3749 779 3835 caeduntque.
823 3755 915 3816 simul
935 3756 1029 3836 primi
1045 3754 1141 3834 agmi-

121 3863 170 3924 nis
192 3864 300 3945 copiae
318 3885 444 3929 evasere
465 3866 558 3930 silvas
575 3878 737 3950 casusque
759 3869 1003 3932 communivere.
1044 3868 1140 3945 Quie-

123 3989 189 4039 tum
211 3977 284 4041 inde
307 3978 384 4057 iter,
412 3979 575 4066 fidensque
596 3983 774 4048 recentibus
799 4007 835 4046 ac
859 3986 1003 4067 priorum
1024 3986 1139 4048 oblitus

123 4091 209 4154 miles
230 4092 263 4153 in
283 4093 424 4156 hibernis
442 4095 573 4159 locatur.
