2950 4775
439 884 870 960 GERMANIA.

144 1095 343 1232 Germania
362 1163 463 1226 omnis
483 1185 501 1225 a
520 1161 801 1257 Gallislipetisque
819 1175 851 1225 et
865 1162 1036 1226 Pannoniis
1051 1163 1191 1225 Rhenol
1230 1151 1276 1181 ’χ

1 1336 3 1345 ,
49 1361 52 1370 Ι
143 1285 175 1336 et
190 1275 340 1340 Danubio
359 1275 553 1357 fluminibus,
571 1301 589 1341 a
606 1275 757 1341 Sarmatis
775 1278 932 1361 Dacisque
950 1291 1060 1340 mutuo
1078 1290 1162 1341 metu

145 1404 199 1452 avit
222 1394 380 1454 montibus
402 1405 574 1474 separatur.
617 1404 720 1455 cetera
745 1414 879 1456 oceanus
904 1393 1001 1456 ambit
1019 1396 1100 1456 latos
1122 1393 1164 1454 si·

49 1519 52 1550 =
144 1529 204 1570 nus
236 1523 271 1572 et
294 1508 469 1571 insularum
498 1509 649 1569 immensa
676 1506 776 1589 spatia
805 1509 1027 1588 complectens,
1062 1527 1164 1588 nuper

144 1624 274 1705 cognitis
304 1620 490 1708 quibusdam
520 1622 664 1702 gentibus
697 1644 732 1684 ac
763 1624 906 1703 regibus,
937 1642 1017 1704 quos
1045 1622 1163 1683 bellum

144 1739 280 1819 aperuit.
320 1738 451 1798 Rhenus
476 1736 660 1799 raeticarum
691 1737 811 1819 alpium
836 1737 993 1799 inaccesso
1015 1757 1050 1799 ac
1071 1754 1164 1816 prae·

144 1851 231 1932 cipiti
258 1852 372 1917 vertice
394 1863 480 1912 ortus
498 1850 632 1914 rmodico
658 1849 745 1913 flexu
771 1852 806 1913 in
836 1850 1028 1915 occidentem
1053 1870 1164 1914 versus

144 1966 380 2048 septentrionali
401 1985 518 2028 oceano
542 1965 698 2027 miscetur.
746 1965 915 2028 Danubius
941 1966 1028 2028 molli
1050 1976 1082 2026 et
1102 1965 1163 2027 cle·

146 2098 267 2147 menter
288 2082 370 2146 edito
391 2084 506 2147 montis
524 2084 678 2145 Abnobae
698 2086 771 2161 jugo
793 2082 910 2144 effusus
931 2084 1039 2163 plures
1059 2102 1163 2164 popu-

144 2199 192 2261 los
214 2197 293 2277 adit,
325 2197 425 2261 donec
453 2197 487 2258 in
514 2197 675 2278 ponticum
698 2216 784 2257 mare
806 2216 863 2258 sex
883 2196 1038 2257 meatibus
1058 2215 1163 2257 erum·

51 2343 54 2358 ι
144 2324 216 2394 pat:
245 2312 410 2395 septimum
432 2331 467 2373 os
487 2309 654 2393 paludibus
677 2309 834 2373 hauritur.

228 2431 318 2511 Ipsos
350 2429 523 2492 Germanos
555 2427 716 2509 indigenas
750 2427 934 2491 crediderim
971 2430 1195 2514 minimeque

144 2550 277 2613 aliarum
308 2551 446 2631 gentium
473 2549 658 2615 adventibus
691 2563 722 2612 et
751 2551 895 2632 hospitiis
924 2553 990 2613 mlx
1046 2599 1056 2631 ,
1089 2553 1163 2635 quia
1209 2553 1274 2589 V

144 2688 202 2730 nec
231 2681 316 2730 terra
342 2671 417 2729 oIIm
445 2665 500 2728 sed
527 2669 675 2731 elassibus
705 2663 944 2731 advehebantur
964 2667 1020 2749 qui
1040 2680 1162 2729 mutare

142 2782 232 2846 sedes
254 2785 463 2866 quaerebant,
491 2795 522 2844 et
542 2783 712 2847 immensus
738 2784 822 2845 ultra
842 2796 942 2866 utque
963 2780 1006 2844 sie
1028 2772 1162 2845 dixerim

143 2898 292 2963 adversus
320 2918 455 2960 oceanus
484 2897 563 2959 raris
592 2898 631 2959 ab
662 2899 738 2959 orbe
762 2909 872 2959 nostro
895 2898 1026 2960 navibus
1050 2896 1162 2960 aditur.

144 3012 214 3094 quis
243 3032 340 3092 porro
369 3024 494 3093 praeter
524 3011 701 3093 pericnlum
729 3011 853 3074 horridi
882 3025 913 3075 et
939 3013 1038 3093 ignoti
1068 3013 1163 3076 maris

142 3128 218 3190 Asia
250 3139 304 3190 ant
333 3128 439 3191 Alrica
469 3141 524 3190 aut
553 3129 642 3192 Italia
667 3130 776 3191 relicta
806 3127 1006 3191 Germaniam
1034 3140 1162 3210 peteret,

49 3292 52 3327 ς
141 3243 310 3303 informem
330 3242 441 3319 terris,
476 3263 616 3322 asperam
639 3243 744 3319 coelo,
771 3240 891 3305 tristem
913 3244 998 3305 cultu
1020 3253 1162 3324 aspectu·

48 3338 52 3425 Ξ
142 3377 223 3438 que,
248 3353 355 3416 nisisi
376 3356 479 3435 patria
500 3352 561 3420 siat

229 3469 396 3531 Celebrant
425 3469 615 3534 carminibus
648 3471 802 3556 antiquis,
832 3471 919 3556 qnod
947 3495 1047 3538 unum
1077 3472 1193 3558 apudt

47 3578 51 3653 J
140 3586 212 3646 illos
233 3582 402 3645 memoriae
426 3595 457 3643 et
478 3585 637 3648 annalium
657 3606 756 3666 genus
781 3587 821 3648 sit
828 3631 837 3664 ‚
857 3587 1047 3651 Tuisconem
1066 3576 1162 3652 dettm

142 3711 226 3760 terra
249 3695 365 3758 editum
389 3696 541 3758 etlilium
562 3699 731 3779 Mannum,
761 3699 912 3780 originem
935 3703 1034 3782 gentis
1055 3703 1163 3767 eondi-

141 3823 300 3892 toresqoe.
341 3809 462 3873 Manno
483 3826 547 3876 tres
570 3816 652 3879 filios
675 3816 843 3895 assignant,
865 3839 882 3879 e
904 3839 1040 3901 quorum
1060 3823 1163 3884 nomi·

45 3941 66 4007 '¹
142 3923 234 3984 nibus
265 3922 402 4004 proximi
433 3944 553 3991 oceano
583 3931 793 4011 Ingaevones,
823 3931 918 3995 medii
945 3934 1164 4018 Herminones,

45 4040 49 4049 '
143 4038 238 4098 ceteri
257 4038 440 4102 Iscaevones
467 4060 632 4111 vocentur.
678 4044 823 4131 quidam,
853 4059 889 4110 nt
911 4050 946 4110 in
963 4051 1088 4112 licentia
1108 4071 1164 4115 ve·

140 4150 277 4229 tustatis,
299 4154 407 4233 plures
430 4152 488 4218 deo
511 4173 600 4226 ortos
618 4163 789 4245 pluresque
811 4165 910 4241 gentis
930 4162 1164 4243 appellationes,

887 4283 902 4336 1
