2950 4775
330 395 374 459 ᾗ
727 385 960 458 Gnnnlel

331 563 451 640 oritur,
480 559 598 623 flumen
626 560 767 623 inclitum
798 573 828 622 et
855 572 963 623 notum
995 559 1087 622 olim:
1119 580 1205 622 nunc
1225 569 1347 625 tantum

331 674 467 739 auditur.
1117 682 1121 686 ’

282 802 318 853 tt
415 791 509 856 Juxta
536 786 778 853 Hermunduros
799 785 921 852 Narisci
952 809 987 851 ac
1014 785 1127 850 deinde
1152 782 1349 849 Marcomani

333 915 364 971 et
392 903 497 983 Quadi
524 916 630 986 agunt.
670 903 840 986 praecipua
868 902 1145 965 Marcomanorum
1174 900 1272 980 gloria
1299 899 1350 965 vi·

331 1040 461 1104 resque,
484 1030 578 1103 atque
599 1018 667 1100 ipsa
690 1018 783 1078 etiam
804 1013 908 1095 sedes,
936 1017 1035 1098 pulsis
1056 1016 1131 1077 olim
1153 1015 1257 1094 Bojis,
1283 1013 1350 1078 vir·

331 1143 397 1194 tute
427 1143 527 1213 parta.
571 1151 628 1193 nec
660 1129 783 1195 Narisci
816 1127 958 1207 Quadive
990 1129 1188 1215 degenerant.
1219 1127 1350 1212 ,anue

332 1245 517 1309 Germaniae
538 1249 625 1310 velut
645 1248 734 1311 frons
755 1259 811 1326 est,
833 1258 987 1331 quatenus
1008 1245 1159 1309 Danubio
1180 1222 1351 1328 peragitur.

330 1361 541 1424 Marcomanis
571 1359 754 1447 Quadisque
786 1381 886 1445 usque
921 1360 960 1424 ed
992 1373 1132 1424 nostram
1166 1353 1351 1422 memoriam

330 1495 419 1554 reges
447 1488 629 1538 manserunt
658 1496 700 1540 ex
725 1486 816 1556 gente
838 1475 997 1557 ipsorum,
1027 1474 1134 1537 nobile
1156 1471 1351 1536 Marobodui

332 1598 364 1650 et
385 1587 486 1652 Tudri
506 1610 621 1672 genus;
649 1594 713 1671 jam
734 1603 767 1654 et
788 1603 936 1653 externos
957 1591 1133 1672 patiuntur.
1173 1585 1229 1650 sed
1250 1586 1351 1690 visoet

331 1704 472 1785 potentia
498 1706 623 1786 regibus
658 1727 700 1769 ex
734 1707 916 1770 auctoritate
945 1725 1085 1770 romana.
1129 1678 1221 1766 'Raro
1256 1698 1350 1763 armis

333 1817 465 1896 nostris,
487 1820 610 1900 saepius
632 1821 767 1901 pecunia
787 1825 954 1900 juventur,
975 1839 1033 1880 nec
1053 1817 1158 1879 minus
1177 1816 1293 1880 valent.

282 1936 317 1986 43
417 1930 515 1993 Retro
532 1931 699 2013 Marsigni,
717 1932 861 2011 Gothini,
881 1930 954 2012 Osi,
980 1931 1059 1993 Buri
1074 1944 1157 2010 terga
1172 1929 1352 1994 Marcoma-

333 2063 447 2106 norum
460 2041 707 2130 Quadorumque
720 2045 880 2110 claudunt.
914 2068 930 2108 e
943 2045 1058 2130 quibus
1068 2045 1221 2124 Marsigni
1231 2055 1261 2105 et
1271 2042 1351 2104 Buri

333 2176 478 2220 sermone
492 2160 640 2242 cultuque
652 2158 774 2223 Suevos
788 2160 939 2222 relerunt.
970 2158 1124 2222 Gothinos
1135 2159 1254 2239 gallica,
1270 2154 1351 2220 Osos

333 2274 510 2354 pannonica
529 2274 634 2355 lingua
657 2277 797 2355 coarguit
820 2296 886 2337 non
907 2295 973 2339 esse
998 2271 1189 2353 Germanos,
1212 2286 1244 2336 et
1265 2272 1351 2356 quod

333 2386 451 2450 tribute
470 2386 643 2470 patiuntur.
684 2402 806 2485 partem
827 2392 1017 2453 tributorum
1034 2385 1210 2466 Sarmatae,
1228 2399 1352 2469 partem

333 2499 439 2577 Quadi
456 2513 493 2565 ut
512 2502 693 2582 alienigenis
710 2503 887 2585 imponunt.
928 2500 1075 2580 Gothini,
1096 2522 1160 2585 quo
1178 2502 1274 2581 magis
1289 2522 1352 2583 pu-

333 2615 406 2679 deat
431 2630 461 2680 et
485 2594 606 2681 ferrum
636 2616 799 2682 effodiunt.
849 2615 1028 2700 Omnesque
1055 2617 1091 2677 hi
1113 2617 1226 2698 populi
1249 2638 1350 2697 pauca
1378 2687 1382 2693 ,

334 2733 569 2814 campestrium,
591 2747 727 2798 ceterum
743 2734 840 2796 saltus
860 2745 891 2796 et
907 2735 1037 2798 vertices
1056 2732 1210 2794 montium
1227 2736 1351 2811 jugum·

226 2930 231 2933 -
334 2866 396 2928 que
419 2843 611 2909 insederunt.
654 2846 774 2909 dirimit
796 2846 878 2908 enim
900 2845 1075 2930 scinditque
1102 2845 1249 2909 Sueviam
1275 2869 1351 2911 con·

333 2960 458 3022 tinuum
487 2960 641 3023 montium
667 2965 793 3042 iugum,
828 2963 911 3024 ultra
942 2959 1028 3044 quod
1060 2960 1214 3041 plurimae
1243 2973 1351 3040 gentes

333 3085 446 3153 agunt:
478 3093 520 3134 ex
549 3073 665 3156 quibus
686 3074 835 3138 latissime
855 3087 942 3157 patet
961 3074 1134 3158 Lygiorum
1155 3094 1286 3151 nomen,
1315 3076 1351 3137 in

274 3178 303 3277 ‘p
331 3186 438 3267 plnres
461 3185 597 3251 civitates
619 3186 778 3251 diffusum.
820 3189 1043 3255 valentissimas
1065 3188 1242 3252 nominasse
1263 3190 1350 3252 suffi·

333 3297 408 3374 ciet,
428 3298 561 3376 Herios,
584 3301 791 3378 Helvetonas,
812 3303 986 3379 Manimos,
1008 3303 1161 3381 Helisios,
1181 3303 1351 3380 Nahanar-

331 3412 430 3474 vales.
486 3411 580 3495 Apud
616 3414 856 3480 Nahanarvalos
889 3416 1036 3499 antiquae
1069 3417 1228 3498 religionis
1260 3420 1349 3480 lucus

332 3524 518 3589 ostenditur.
574 3526 731 3609 praesidet
767 3526 910 3592 sacerdos
943 3528 1091 3591 muliebri
1126 3540 1258 3591 ornatu:
1295 3527 1350 3592 sed

332 3637 424 3719 deos,
462 3639 719 3723 interpretatione
750 3661 898 3720 romana,
935 3640 1096 3705 Castorem
1126 3643 1350 3724 Pollucemque

330 3767 518 3816 memorent.
562 3775 599 3816 ea
619 3754 665 3818 vis
688 3753 820 3833 numini,
841 3775 957 3818 nomen
979 3755 1073 3817 Alcis.
1116 3756 1203 3816 nulla
1223 3755 1350 3817 simula·

332 3884 400 3941 cra,
422 3867 544 3927 nullum
565 3868 748 3947 peregrinae
770 3866 998 3949 superstitionis
1019 3867 1198 3948 vestigium3
1229 3879 1265 3929 ut
1285 3869 1350 3930 lra-

331 3990 393 4041 tres
416 3992 537 4058 tamen,
564 3992 600 4043 ut
619 3984 750 4058 juvenes
772 3996 972 4047 venerantur.
1016 3981 1165 4044 Ceterum
1185 3980 1274 4044 Harii
1295 4001 1350 4042 su·

329 4114 387 4174 per
406 4094 506 4173 vires,
537 4097 652 4179 quibus
675 4109 871 4161 enumeratos
892 4099 987 4180 paulo
1012 4110 1082 4160 ante
1103 4097 1239 4179 populos
1261 4106 1349 4157 ante-
