2950 4775
319 357 342 434 6
706 355 941 425 GERMANIA

322 533 415 596 cisam
444 531 480 594 in
508 534 650 596 surculos
679 545 859 614 amputant,
894 553 1011 615 eosque
1039 528 1122 594 notis
1147 528 1337 613 ‘quibusdam
1371 587 1380 604 ,

322 644 469 708 discretos
497 667 593 728 super
621 645 785 709 candidam
815 656 950 723 vestem,
984 659 1100 708 temere
1133 667 1168 707 ac
1199 644 1340 722 fortuito,

322 773 481 843 spargunt.
521 783 608 839 mox,
630 763 657 823 si
679 763 804 843 publice
826 762 1014 839 consuletur,
1038 759 1182 823 sacerdos
1200 760 1340 838 civitatis,

322 878 372 941 sin
393 879 557 962 privatim,
585 881 651 960 ipse
673 891 764 960 pater
785 878 920 940 familiae
944 890 1086 957 precatus
1108 876 1183 938 deos
1202 879 1341 938 coelum·

323 1012 385 1076 que
416 994 587 1075 suspiciens
619 1006 667 1054 ter
697 991 836 1072 singulos
869 991 967 1068 tollit,
998 993 1137 1053 sublatos
1168 990 1341 1053 secundum

322 1105 505 1188 impressam
534 1121 606 1170 ante
631 1119 740 1172 notam
767 1108 1002 1189 interpretatur.
1045 1107 1072 1170 si
1101 1108 1343 1189 prohibuerunt,

322 1224 410 1285 nulla
439 1222 478 1290 de
509 1222 617 1287 eadem
646 1246 682 1286 re
711 1222 748 1285 in
777 1223 912 1287 eundem
944 1222 1027 1285 diem
1059 1221 1259 1300 consultatio,
1292 1222 1342 1283 sin

323 1338 526 1420 permissum,
555 1341 767 1422 auspiciorum
797 1339 899 1403 adhuc
919 1338 997 1403 fides
1020 1338 1165 1419 exigitur.
1205 1337 1246 1398 Et
1264 1333 1344 1397 illud

324 1453 452 1537 quidem
482 1457 575 1518 etiam
601 1457 652 1519 hic
680 1469 808 1536 notum,
839 1456 945 1519 avium
969 1475 1062 1520 voces
1083 1455 1270 1535 volatusque
1293 1452 1345 1513 in·

323 1581 495 1652 terrogare.
544 1570 714 1653 Proprium
736 1572 836 1652 gentis
858 1593 1014 1654 equorum
1035 1591 1164 1654 quoque
1184 1569 1345 1651 praesagia

326 1689 361 1745 bc
382 1685 521 1746 monitus
542 1685 688 1765 experiri.
736 1687 862 1768 publice
884 1688 1012 1747 aluntur
1031 1684 1141 1746 iisdem
1162 1683 1344 1750 nemoribus

326 1820 361 1861 ac
388 1801 466 1861 lucis
489 1797 613 1862 candidi
641 1812 672 1863 et
699 1802 788 1862 nullo
816 1802 941 1864 mortali
969 1822 1065 1882 opere
1086 1800 1236 1891 contacti,
1264 1820 1345 1884 quoe

325 1933 450 1996 pressos
478 1933 567 1976 sacro
601 1934 697 1976 curru
725 1912 869 1975 sacerdos
893 1935 928 1975 ac
950 1935 1009 1976 rex
1030 1916 1082 1978 vel
1104 1916 1248 1995 princeps
1270 1913 1346 1976 civi·

324 2028 395 2089 tatis
433 2028 639 2102 comitantur,
678 2026 883 2109 hinnitusque
918 2048 953 2089 ac
991 2028 1134 2090 fremitus
1169 2030 1348 2093 observant.

326 2165 385 2205 nec
415 2144 472 2206 ulli
502 2142 640 2223 auspicio
664 2146 765 2221 major
792 2141 869 2205 fides
893 2164 956 2205 non
978 2146 1080 2206 solum
1102 2141 1187 2224 apud
1209 2144 1347 2225 plebem,

327 2259 412 2341 apud
431 2279 587 2340 proceres,
608 2258 693 2341 apud
710 2257 904 2323 sacerdotes:
929 2280 963 2322 se
986 2259 1070 2321 enim
1090 2260 1249 2321 ministros
1271 2257 1349 2320 deo-

326 2394 418 2452 rum,
447 2373 519 2436 illos
545 2372 685 2436 conscios
712 2384 834 2455 putant.
876 2373 934 2435 Est
958 2385 988 2436 et
1009 2373 1069 2436 alia
1092 2373 1268 2438 observatio
1290 2397 1349 2437 au·

327 2490 514 2573 spiciorum,
549 2509 612 2571 qua
646 2488 789 2568 gravium
820 2488 977 2549 bellorum
1010 2500 1138 2550 eventus
1171 2490 1349 2571 explorant.

328 2611 394 2683 ejus
427 2605 545 2684 gentis,
581 2624 652 2664 cum
684 2624 745 2686 qua
774 2604 892 2664 bellum
925 2616 990 2680 est,
1023 2605 1179 2684 captivum
1216 2623 1347 2687 quoquo

329 2716 424 2782 modo
444 2718 649 2800 interceptum
671 2739 743 2781 cum
773 2720 871 2782 electo
891 2720 1092 2800 popularium
1114 2741 1261 2800 suorum,
1290 2742 1349 2802 pa-

327 2834 395 2897 triis
415 2856 571 2918 quemque
593 2832 702 2912 armis,
723 2834 939 2899 committente
970 2834 1100 2899 victoria
1120 2836 1214 2912 hujus
1238 2836 1290 2901 vel
1308 2836 1349 2896 il-

328 2950 390 3013 lius
410 2972 470 3033 pro
495 2949 685 3032 praejudicio
707 2952 867 3032 achpitur.

280 3073 314 3124 tt
414 3063 465 3125 De
485 3064 661 3128 minoribus
681 3066 778 3126 rebus
798 3062 957 3147 principes
978 3065 1170 3142 consultant,
1192 3060 1231 3124 de
1250 3066 1350 3141 majo-

328 3177 417 3242 ribus
442 3200 560 3242 omnes.
601 3182 645 3242 ita
667 3193 789 3256 tamen,
810 3191 847 3241 ut
868 3201 905 3241 ea
925 3201 1069 3262 quoque,
1092 3199 1228 3262 quorum
1250 3199 1348 3260 penes

329 3293 455 3374 plebem
492 3294 655 3357 arbitrium
693 3307 758 3371 est,
800 3294 886 3378 apud
918 3295 1075 3377 principes
1111 3306 1350 3376 pertractentur.

331 3404 472 3486 Coeunt,
503 3407 565 3469 nisi
591 3407 668 3492 quid
695 3408 860 3472 fortuitum
887 3421 918 3471 et
938 3412 1082 3482 ,subitum
1105 3408 1230 3488 incidit,
1259 3411 1349 3472 certis

331 3518 459 3599 diebus,
491 3544 590 3605 quum
614 3539 668 3588 aut
694 3526 861 3589 inchoatur
889 3526 967 3588 luna
996 3538 1050 3588 aut
1079 3526 1245 3606 impletur:
1275 3546 1349 3587 nam

331 3635 456 3716 agendis
473 3640 569 3701 rebus
587 3640 646 3702 hoc
665 3639 944 3722 auspicatissimmn
959 3640 1082 3702 initium
1099 3640 1241 3702 credunt.
1281 3638 1349 3702 Nec

331 3747 453 3812 dierum
475 3774 657 3831 numerum,
679 3766 716 3816 ut
736 3777 810 3834 nos,
833 3755 888 3818 sed
910 3757 1049 3819 noctium
1072 3768 1273 3838 computant,
1306 3755 1349 3817 sic

332 3868 541 3946 constituunt,
572 3868 615 3930 sic
644 3870 829 3935 condicunt:
861 3893 928 3935 nox
961 3870 1073 3933 ducere
1101 3870 1183 3933 diem
1215 3869 1350 3935 videtur.

330 3976 413 4040 Illud
435 3999 476 4041 ex
497 3982 639 4044 libertate
665 3984 794 4062 vitium,
822 3983 906 4067 quod
930 4005 996 4046 non
1022 3986 1115 4047 simul
1139 4008 1196 4048 nec
1217 3999 1252 4048 ut
1274 3988 1351 4065 jussi

332 4095 537 4169 conveniunt,
578 4096 634 4158 sed
668 4111 699 4160 et
734 4100 813 4160 alter
846 4110 877 4160 et
910 4100 1019 4160 tertius
1054 4098 1120 4163 dies
1154 4102 1348 4164 cunctatione
