2950 4775
476 390 539 460 ux
561 390 799 461 HISTORIIS
1082 394 1146 463 1⁰5

126 566 211 630 diam
239 566 274 628 in
301 567 456 649 populum
485 584 654 629 romanum
683 562 814 643 effudit,
844 561 989 629 turbidus
1014 561 1148 628 miscen-

128 681 176 745 dis
197 679 403 744 seditionibus
428 680 639 764 et'plerisqus
661 693 768 761 gratus
788 679 916 747 vecordi
937 679 1095 749 facundia.

212 799 254 861 At
274 796 375 860 Julius
396 797 526 879 Auspex
554 818 573 861 e
599 795 793 878 primoribus
817 796 989 861 Remorum
1008 795 1073 863 vim
1093 815 1149 859 ro·
1162 796 1231 860 sss

128 931 253 973 manem
271 911 430 995 pacisque
459 913 544 977 bona
570 909 739 976 dissertans
761 924 791 976 et
811 909 894 975 sumi
918 911 1036 974 bellum
1055 910 1150 977 etiam

95 1016 98 1022 ’
129 1023 170 1085 ab
192 1023 329 1105 ignavis,
360 1021 568 1087 strenuissimi
595 1027 750 1108 cujusque
777 1024 918 1108 periculo
937 1023 1149 1109 geri-jamque

128 1158 226 1221 super
247 1152 338 1221 caput
358 1139 512 1219 legiones,
542 1139 805 1222 sapientissimum
825 1160 982 1224 quemquo
1002 1157 1151 1203 reveren·
1237 1156 1242 1162 ·

126 1257 174 1317 tia
192 1252 327 1338 fideque,
345 1254 486 1331 juniores
506 1255 650 1337 pericttlo
667 1277 703 1318 ac
720 1268 807 1319 ntctu
827 1253 991 1323 constant.
1032 1262 1064 1314 et
1083 1250 1149 1313 Va·

127 1350 241 1430 lentini
260 1367 399 1429 animum
420 1364 599 1446 laudabant,
624 1368 790 1431 consilium
809 1366 953 1449 Auspicis
973 1364 1150 1450 sequeban-

129 1498 194 1547 tur.
242 1482 372 1547 Constat
403 1482 558 1547 obstitisse
590 1481 739 1547 Treveris
771 1482 1032 1567 Lingonibusque
1066 1474 1151 1563 apud

131 1600 267 1679 Gallias,
304 1597 390 1684 quod
421 1598 564 1665 Vindicis
591 1613 680 1667 motu
711 1622 784 1669 cum
812 1600 965 1683 Verginio
992 1609 1152 1665 steterant.

130 1713 282 1778 detenuit
300 1718 469 1799 plerosque
489 1715 725 1797 prouinciarum
746 1716 931 1780 aemulatior
960 1712 1047 1799 quod
1067 1713 1152 1776 bello

131 1827 248 1914 caput?
292 1828 376 1893 unde
406 1835 455 1909 jus
485 1831 722 1914 auspiciumque
752 1826 937 1913 peteretur?
980 1847 1094 1911 quom,
1126 1823 1153 1885 si

131 1956 245 2008 cuncta
267 1937 495 2028 provenissent,
516 1944 622 2012 sedern
641 1945 776 2028 imperio
797 1940 959 2027 legerent?
1001 1938 1154 2005 Nondum

131 2059 280 2136 victoria,
307 2063 370 2136 jam
395 2056 553 2125 discordia
577 2072 661 2142 erat,
693 2061 763 2124 aliis
790 2058 937 2145 foedera,
966 2054 1152 2141 quibusdam

133 2192 211 2254 opes
234 2173 379 2254 viresque
401 2184 455 2235 sut
475 2185 660 2239 venustatem
681 2173 811 2253 originis
831 2193 891 2255 per
915 2173 1018 2253 jurgia
1036 2174 1154 2249 jactan-

133 2287 227 2349 tibus.
269 2283 373 2348 taedio
399 2286 581 2348 futtnorum
600 2286 781 2367 praesentia
800 2288 959 2367 placuere.
1002 2282 1154 2347 Scribun-

132 2414 187 2464 tur
207 2399 249 2464 ad
277 2402 433 2468 Treveros
456 2402 608 2484 epistolae
629 2401 759 2465 nomine
782 2402 974 2481 Galliarum,
1002 2402 1041 2463 ut'
1058 2399 1155 2463 absti-

132 2526 245 2576 nerent
265 2515 359 2576 armis
378 2513 569 2596 impetrabili
590 2516 682 2578 venia
702 2526 734 2578 et
753 2518 869 2599 paratis
889 2515 1154 2599 deprecatoribus,

132 2627 364 2709 sipoeniteret.
405 2626 529 2691 Restitit
548 2625 633 2692 idem
653 2627 843 2691 Valentinus
865 2629 1086 2711 obstrurdtque
1110 2625 1155 2688 ci·

131 2741 238 2807 vitatis
259 2763 333 2806 suae
358 2764 451 2806 aures
472 2741 559 2806 haud
581 2743 714 2826 perinde
734 2745 920 2812 instruendo
941 2747 1025 2810 bello
1051 2746 1154 2810 inten-

131 2870 184 2922 tus
205 2880 299 2942 quam
322 2859 470 2944 frequens
493 2860 707 2924 concionibus.

219 2971 317 3052 Igitur
347 2992 415 3035 non
441 2972 575 3036 Treveri
603 2994 708 3057 neque
734 2972 894 3053 Lingones
919 2984 1078 3037 ceteraeve
1102 2993 1154 3035 re·
1168 2977 1195 3042 4,
1203 2978 1240 3029 '1⁰

134 3085 266 3148 bellium
297 3085 435 3148 civitates
467 3104 526 3168 pro
556 3083 770 3165 magnitudine
802 3085 939 3167 suscepti
968 3083 1153 3148 discriminis

134 3220 239 3281 agere.
280 3222 321 3264 ne
342 3197 437 3264 duces
464 3198 593 3285 quidem
613 3200 646 3262 in
670 3222 770 3266 unum
793 3204 972 3281 consulere,
994 3201 1048 3273 sed
1070 3201 1155 3266 civi-

132 3315 174 3380 lis
196 3316 265 3382 suia
285 3317 451 3398 Belgarum
474 3316 664 3394 circumibat,
688 3316 765 3381 dunt
786 3315 953 3384 claudian
972 3317 1155 3382 Labeonem

134 3454 249 3516 capere
271 3446 327 3496 aut
352 3434 521 3497 exturbare
550 3433 680 3502 nititur:
718 3433 874 3498 Classicus
902 3454 994 3514 segne
1017 3434 1158 3517 plerum·

136 3572 201 3635 que
229 3550 330 3615 otium
356 3552 484 3615 trahens
513 3553 602 3618 velut
627 3564 721 3635 parto
745 3552 879 3633 imperio
901 3551 1074 3614 fruebatur.
1115 3570 1157 3611 ne

136 3664 240 3728 Tutor
270 3663 396 3748 quidem
426 3664 594 3728 maturavit
623 3663 818 3747 superiorem
844 3663 1031 3732 Germaniae
1054 3662 1157 3745 ripam

70 3764 73 3768 ⁵
138 3792 170 3844 et
204 3778 304 3848 ardua
338 3780 457 3862 alpium
488 3779 652 3862 praesidiis
685 3778 840 3850 claudere.
893 3781 997 3864 Atque
1030 3780 1157 3842 interim

83 3924 86 3930 ·
113 3895 376 3977 uunsetvicesima
405 3895 487 3977 legio
521 3894 733 3978 Vindonissa,
773 3894 922 3964 Sextilius
959 3894 1050 3962 Felix
1085 3914 1157 3958 cuns

137 4009 310 4078 auxiliariis
341 4009 523 4080 cohortibus
552 4031 612 4092 per
642 4010 784 4074 Raetiam
815 4010 970 4091 irrupere.
1031 4006 1157 4070 accessit

138 4125 188 4186 ala
208 4125 428 4206 singularium,
458 4124 560 4189 excita
587 4124 661 4189 olim
684 4149 702 4189 a
724 4125 867 4202 Vitellio,
894 4120 1005 4185 deiude
1027 4097 1059 4182 in
1083 4141 1155 4201 par·
