2950 4775
453 363 774 451 uxutsrouus
1062 379 1125 448 ιιι

107 563 224 625 minem
254 558 332 626 adeo
362 560 397 623 in
429 581 515 623 arma
545 581 683 642 pronum
712 573 746 624 ut
775 581 839 625 uon
872 559 958 625 idem
988 556 1125 643 pretium

105 681 219 765 quietis
241 701 335 764 quam
356 679 488 761 periculi
507 678 605 743 malit.
649 677 764 763 quodsi
790 677 893 741 statim
921 674 1127 759 congredian-

105 808 176 875 tur,
204 797 306 858 nullas
332 816 398 857 esse
420 794 535 858 Ceriali
556 795 617 858 nisi
638 816 655 857 e
676 794 819 878 reliquiis
844 795 1013 876 germanici
1033 817 1125 858 exer·

105 911 185 974 citus
214 910 353 991 legiones
385 907 564 973 foederibus
597 908 770 971 Galliaurm
801 909 974 970 obstrictas.
1026 907 1123 993 idque

104 1027 219 1114 ipsum,
240 1021 327 1109 quod
347 1022 538 1087 inconditam
559 1043 662 1106 nuper
683 1021 846 1085 Valentini
865 1043 995 1084 manum
1016 1036 1125 1087 contra

105 1160 195 1220 spem
214 1160 302 1201 suam
322 1136 471 1213 fuderint,
495 1136 676 1199 alimentum
693 1135 757 1198 illis
779 1135 913 1222 ducique
934 1139 1124 1201 temeritatis.

105 1271 238 1316 ausuros
258 1272 368 1315 rursus
388 1267 600 1336 venturosque
620 1251 655 1313 in
674 1271 786 1314 manus
806 1273 873 1315 non
892 1253 1029 1336 imperiti
1048 1251 1126 1316 ado·

105 1367 288 1445 lescentuli,
318 1369 416 1431 verba
450 1379 481 1428 et
510 1365 677 1430 conciones
707 1388 802 1449 quam
830 1368 951 1431 ferrum
979 1380 1012 1430 et
1039 1389 1127 1432 arma

106 1479 304 1558 meditantis,
329 1478 385 1542 sed
407 1479 514 1542 Civilis
536 1491 567 1541 et
589 1478 736 1544 Classiciz
768 1501 848 1565 qeins
871 1482 928 1544 ubi
949 1484 1129 1565 aspexerint
1200 1492 1203 1497 '

32 1642 34 1649 ·
105 1596 279 1659 redituram
307 1597 342 1658 in
369 1593 490 1657 anim0e
520 1594 734 1674 formidinem,
764 1598 870 1675 fugam
892 1596 1068 1681 famemque
1091 1619 1127 1659 ae

103 1711 220 1772 totiens
253 1709 348 1791 captis
376 1706 551 1789 precariam
582 1706 690 1770 vitam.
742 1729 844 1792 neque
881 1710 1038 1774 Treveros
1072 1723 1128 1774 aut

105 1825 267 1906 Lingonas
288 1824 505 1889 benevolentia
527 1822 696 1887 contineris
714 1836 934 1907 resumpturos
953 1845 1049 1903 arma,
1070 1821 1127 1887 ubi

104 1954 207 2003 metus
229 1938 420 2002 abscesserit.
459 1937 598 2000 Diremit
617 1937 820 2001 consiliorum
841 1938 1051 2002 diversitatem
1069 1961 1125 2021 ap·

16 2122 17 2127 1
105 2057 241 2138 probata
274 2053 402 2117 Tutoris
439 2051 594 2114 sementia
625 2051 798 2130 Classicus,
834 2048 999 2135 statimque
1034 2073 1124 2115 exse·

104 2180 257 2251 quuutur,

191 2282 297 2345 Media
316 2279 397 2343 acies
413 2280 504 2344 Ubiis
519 2281 778 2364 Lingonuusque
794 2278 875 2358 data,
898 2279 1009 2345 dextro
1027 2302 1126 2344 cornu
1141 2280 1211 2344 4,ἵῖ

105 2400 250 2461 cohortes
267 2399 471 2471 Batavorum,
494 2400 620 2463 sinistro
638 2400 782 2464 Bructeri
795 2401 1015 2483 Tencterique.
1053 2419 1127 2479 pars

105 2516 282 2591 montibus,
305 2514 365 2574 alia
386 2514 471 2578 viam
495 2513 579 2574 inter
594 2515 825 2598 Mosellamque
838 2514 964 2576 vflumen
983 2525 1048 2575 tam
1067 2513 1128 2575 im·

106 2628 234 2709 provisa
256 2625 471 2705 resiluerunt
489 2627 524 2687 in
547 2628 690 2691 cubiculo
712 2650 748 2689 ac
769 2630 884 2690 lectulo
907 2626 1037 2689 Cerialis
1058 2623 1128 2711 (ne-

107 2762 169 2824 que
195 2742 278 2802 enim
300 2753 423 2803 noctem
449 2739 484 2801 in
512 2738 619 2802 castris
649 2737 767 2824 egerat)
788 2742 922 2821 pugnari
943 2741 1036 2802 simul
1056 2739 1127 2802 viu·

105 2859 197 2941 cique
231 2879 304 2920 suos
341 2856 494 2935 audierit,
527 2857 692 2940 increpans
723 2876 874 2938 pavorem
906 2858 1126 2936 nuntiantium,

105 2970 206 3034 donec
226 2972 374 3034 universa
396 2969 498 3032 clades
520 2971 553 3033 in
577 2972 675 3033 oculis
698 2971 776 3047 fuit,
797 2984 947 3053 perrupta
968 2973 1127 3052 legionum

107 3098 218 3162 castra,
242 3086 304 3146 susi
330 3086 459 3167 equites,
481 3082 602 3145 medius
625 3084 776 3147 Mosellae
800 3104 882 3165 pons
903 3087 958 3168 qui
977 3077 1127 3147 ulteriora

107 3201 250 3262 coloniae
283 3196 418 3260 adnectit
447 3198 487 3258 ab
517 3196 659 3260 hostibus
685 3196 833 3261 insessos.
876 3196 1006 3260 Cerialis
1026 3197 1128 3262 uerbi·

106 3312 154 3377 dis
182 3316 278 3376 rebus
307 3310 482 3394 intrepidus
510 3324 542 3374 et
563 3313 715 3392 fugientes
744 3333 841 3375 manu
868 3314 1046 3390 retrahens,
1078 3312 1129 3374 iu-

103 3439 187 3492 tecto
218 3446 351 3509 corpore
378 3439 545 3509 promptus
576 3427 659 3489 inter
690 3427 752 3489 tela
781 3426 865 3488 felici
895 3426 1066 3488 temeritate
1097 3437 1129 3488 et

105 3543 270 3606 fortissimi
298 3547 448 3626 cujusque
478 3563 609 3605 accursu
639 3543 845 3623 reciperatum
873 3537 1001 3622 pontem
1030 3542 1128 3603 electa

105 3680 200 3721 manu
221 3658 366 3721 firmavit.
415 3659 497 3721 Mox
517 3659 552 3721 in
576 3671 675 3722 castra
695 3677 842 3722 reversus
862 3658 1002 3739 palantes
1023 3668 1127 3736 capta·

106 3795 177 3836 rum
207 3772 290 3855 apud
316 3772 491 3837 Novesium
520 3775 732 3857 Bonnamque
759 3773 920 3853 logionum
948 3768 1126 3852 manipulos

105 3903 138 3953 et
167 3911 273 3952 rarum
308 3890 392 3972 apud
424 3892 511 3971 signa
543 3892 673 3953 militem
705 3913 740 3951 ac
770 3909 870 3972 prope
903 3889 1128 3950 circumventas

105 4005 227 4086 aquilas
247 4004 343 4070 videt.
384 4004 532 4067 incensus
555 4004 619 4081 ira,
643 4007 716 4065 ‘non
738 4002 902 4078 Flaceum,
923 4001 1039 4084 inquit,
1059 4018 1126 4059 non

102 4117 259 4180 Voculam
280 4114 432 4180 deseritis.
474 4118 562 4180 nulla
588 4116 638 4178 hic
660 4116 815 4198 proditio,
841 4136 944 4199 neque
965 4111 1049 4175 aliud
1071 4133 1126 4174 ex·
