2950 4775
297 334 341 402 40
634 328 698 398 EX
720 324 977 399 ultusultus

300 530 370 572 curn
397 506 572 589 legionibus
593 503 801 582 tdecucuuit:
832 503 989 570 tammum
1016 503 1131 568 iterare
1157 498 1245 570 haud
1271 501 1326 568 vi·

301 643 382 686 sum.
424 636 454 686 et
482 634 593 687 amota
620 620 703 686 inter
728 623 889 690 castellum
917 620 1080 684 Alisonem
1107 640 1144 683 ac
1171 619 1326 686 Rhenum

302 735 395 802 novis
414 735 567 802 limitibus
588 737 812 821 aggeribusque
830 735 1022 820 permunita.

217 877 272 939 qs
386 851 519 936 Jamque
549 852 655 916 classis
685 851 872 930 advenerat,
907 871 1006 934 quum
1034 847 1206 932 praemisso
1235 861 1328 913 com-x

304 978 408 1029 meatu
435 978 467 1028 et
492 963 666 1032 distributis
692 966 729 1030 iu
753 964 891 1046 legiones
918 985 954 1026 ae
980 962 1082 1028 socios
1104 961 1237 1026 navibus
1257 961 1329 1024 ios·

304 1100 389 1159 sam,
410 1082 462 1149 cui
485 1079 651 1145 drusianae
672 1101 807 1160 nomen,
831 1080 988 1161 ingressus
1007 1091 1217 1162 precatusque
1236 1076 1329 1160 Drst-

305 1213 376 1257 sum
406 1209 546 1277 patrem,
579 1208 619 1264 ut·
646 1218 681 1262 se
711 1195 821 1260 eadem
851 1219 961 1261 ausum
989 1197 1092 1260 libens
1122 1195 1329 1278 placatusque

307 1310 452 1390 exemplo
474 1330 509 1371 ec
529 1297 682 1375 memoris
702 1311 905 1378 consiliorum
923 1324 1017 1395 atque
1038 1330 1171 1394 opentm
1188 1314 1329 1391 jsivaretg

305 1423 392 1486 lacus
420 1423 494 1486 inde
519 1437 555 1492 et
583 1447 738 1492 oceanum
765 1447 867 1512 usque
892 1425 934 1492 ad
957 1426 1109 1490 Amisiam
1135 1425 1254 1487 ilttmen
1278 1443 1331 1486 se-

308 1535 412 1599 cunda
442 1538 639 1621 navigatione
672 1542 867 1624 pervehitur.
921 1542 1026 1604 classis
1055 1539 1192 1610 Antisiae
1220 1539 1332 1602 relicta

306 1653 398 1716 laevo
430 1675 537 1734 amne,
578 1665 779 1741 erramusque
813 1657 848 1718 in
884 1675 923 1719 co
956 1652 1045 1739 quod
1074 1671 1142 1716 non
1173 1649 1333 1716 subrexit·

307 1770 502 1853 transposuit
523 1771 654 1835 militem
675 1770 802 1835 dextras
817 1772 852 1833 in
868 1783 969 1835 terras
984 1772 1114 1835 iturum.
1154 1771 1203 1833 lta
1221 1771 1331 1852 plures

310 1884 375 1948 dies
398 1884 568 1948 efficiendis
587 1887 738 1969 pontibus
759 1886 927 1968 absumpti.
974 1898 1007 1958 et
1024 1905 1125 1969 eques
1146 1883 1274 1970 quidem
1293 1903 1332 1946 ac

309 2003 447 2083 legiones
475 2003 579 2086 prima
604 2005 760 2068 aestuaria
786 2000 936 2067 nondum·
952 2014 1147 2066 accrescente
1171 1999 1258 2068 unda
1281 2002 1333 2064 in-

310 2114 426 2196 trepidi
446 2117 616 2182 transiere:
644 2130 839 2199 postremum
860 2116 1054 2181 auxiliorum
1074 2137 1184 2199 agmen
1203 2116 1332 2180 flaturi·

312 2250 375 2313 que
400 2230 437 2296 in
456 2242 545 2313 parte
574 2252 628 2309 ea,
658 2228 735 2293 dum
759 2230 913 2293 insultant
935 2230 1027 2315 aquis
1049 2244 1209 2315 mumque
1230 2227 1333 2293 'nandi

314 2358 482 2426 ostentant,
501 2345 621 2410 turbati
642 2358 673 2409 et
692 2344 820 2432 quidam
839 2346 945 2411 hausti
961 2358 1045 2412 sunt.
1084 2342 1219 2411 Metauri
1234 2359 1334 2411 oestro
1449 2355 1450 2413 3

313 2461 433 2525 caesari
450 2460 710 2541 Angrivariorum
732 2460 864 2526 defectio
891 2485 911 2525 a
934 2476 1022 2545 tergo
1043 2464 1218 2527 nuntiatur.
1259 2462 1335 2526 mis·
1449 2476 1450 2481 ’

314 2595 367 2637 sus
394 2574 493 2639 illico
507 2574 674 2640 Stertinius
704 2599 777 2640 cum
802 2579 907 2663 equite
935 2593 966 2644 et
988 2592 1147 2644 armatura
1173 2578 1239 2645 levi
1264 2578 1348 2661 igne⁹

315 2704 347 2753 et
367 2692 513 2757 caedibus
533 2693 697 2776 perfidiam
718 2697 805 2758 ultus
826 2707 884 2758 est.

232 2829 286 2891 go
401 2806 536 2871 Flunten
556 2808 700 2889 Visurgis
723 2807 885 2872 Romanos
911 2806 1150 2891 Cheruscosque
1175 2805 1337 2870 interflue-

317 2924 382 2985 bat.
426 2928 491 3002 ejus
512 2923 545 2985 in
569 2924 640 3007 ripa
659 2946 730 2987 cum
754 2924 862 2986 ceteris
882 2922 1077 3006 primoribus
1095 2921 1257 2984 Arminius
1282 2919 1336 2984 ad·

318 3033 412 3114 stitit,
441 3036 647 3122 quaesitoque
673 3058 715 3099 an
736 3054 843 3098 caesar
861 3035 1014 3112 venisset,
1042 3047 1209 3120 postquam
1231 3034 1336 3099 adesse

318 3168 505 3232 responsum
533 3164 598 3230 est,
629 3162 678 3215 ut·
696 3151 804 3214 liceret
831 3173 903 3215 cum
933 3153 1031 3214 fratre
1061 3149 1201 3234 colloqui
1228 3148 1338 3213 oravit.

320 3276 386 3326 erat
407 3263 490 3326 isin
511 3265 662 3344 exercitu,
684 3277 889 3344 cognomento
910 3265 1043 3340 Flavus,
1075 3262 1206 3344 insignis
1225 3261 1288 3324 fide
1307 3272 1339 3324 et

321 3377 434 3443 amisso
460 3398 518 3460 per
543 3381 672 3443 vulnus*
688 3380 781 3442 oculo
810 3377 918 3461 paucis
939 3391 1011 3441 ante
1032 3379 1123 3441 annis
1144 3377 1223 3440 duce
1237 3377 1339 3439 ·Tibe-

319 3494 380 3559 rio.
422 3507 490 3561 tuns
510 3495 713 3577 permissum,
737 3515 981 3579 progressusque
1003 3496 1217 3558 salutaturab
1237 3491 1339 3556 Armi·

321 3612 395 3690 nio,
412 3656 415 3667 .
430 3611 487 3696 qui
517 3612 630 3676 amotis
659 3612 862 3694 stipatoribus
891 3625 927 3675 ut
956 3610 1107 3693 sagittarii
1139 3622 1248 3675 nostra
1281 3630 1339 3692 pro

321 3725 392 3808 ripa
413 3723 556 3808 dispositi
573 3724 775 3790 abscederent
793 3728 941 3809 postulat,
963 3740 995 3790 ct
1013 3739 1183 3810 postquam
1205 3723 1340 3805 digressis

324 3838 408 3902 unde
430 3860 467 3906 ea
486 3836 669 3903 deformitas
691 3836 778 3905 oris?
799 3840 970 3921 interrogat
987 3841 1127 3904 fratrem.
1167 3839 1224 3903 illo
1239 3841 1340 3902 locum

325 3965 356 4017 et
376 3954 533 4037 proelium
558 3955 732 4034 referente,
763 3954 923 4041 quodnam
950 3956 1127 4039 praemium
1152 3949 1340 4038 recepisset?

26 4056 27 4059 ¹
137 4118 142 4124 .
223 4135 226 4140 ,
326 4067 475 4152 exquirit.
516 4068 633 4137 Flavus
654 4081 743 4141 aucta
765 4067 935 4154 stipendia,
964 4083 1109 4154 torquem
1130 4082 1163 4133 et
1186 4088 1340 4149 coronam,
