2950 4775
465 428 526 496 liX
547 427 804 498 iuuentutis
1106 436 1143 500 51

126 615 306 689 expertem,
339 589 515 687 Hercyniae
547 605 676 670 latebris
703 605 886 688 defensum,
923 631 959 671 ac
989 629 1065 671 mox
1092 629 1151 691 per

129 720 214 784 dona
238 723 459 801 allegationes
479 703 626 804 petivisse
647 720 777 800 foedus,
805 720 1001 804 proditorem
1020 726 1149 808 patriae,

125 835 291 896 satellitem
320 835 470 915 caesaris,
497 832 584 898 haud
611 834 715 897 minus
744 834 875 898 infensis
907 836 1018 900 animis
1045 851 1152 901 extur-

126 949 267 1011 bandum
277 993 287 1026 ,
309 969 403 1032 quam
424 949 547 1013 Varum
567 929 756 1027 Quintilium
776 949 1002 1013 interfecerint.
1043 951 1151 1014 mami-

128 1063 248 1127 nissent
269 1062 365 1127 modo
387 1077 435 1128 tot
454 1065 665 1148 proeliorum,
686 1043 822 1152 quorum
843 1079 958 1132 eventu
980 1076 1011 1129 et
1034 1063 1074 1128 ad
1093 1086 1152 1148 po·

127 1189 279 1242 stremum
307 1177 410 1257 ejectis
438 1178 590 1243 Romanis
619 1180 693 1244 satis
725 1181 913 1264 probatum,
945 1199 1043 1262 penes
1063 1190 1152 1242 utros

127 1310 251 1353 summa
273 1291 349 1354 belii
368 1290 475 1355 fuerit.

214 1405 326 1489 Neque
340 1387 566 1480 'Maroboduus
591 1402 740 1484 jactantia
767 1404 818 1468 sui
844 1416 899 1469 aut
920 1403 1018 1489 patris
1039 1403 1074 1466 in
1094 1404 1152 1467 ho·
1165 1412 1235 1475 ιιι

130 1532 209 1585 stem
230 1520 423 1599 abstinebat,
453 1516 509 1583 'sed
530 1516 766 1598 Inguiomerum
786 1527 915 1597 tenens,
948 1516 1036 1580 illo
1023 1539 1059 1580 m
1083 1537 1153 1580 cor-

130 1653 209 1718 pore
230 1632 328 1698 decus
342 1654 435 1698 omne
457 1633 698 1709 Cheruscorum,
719 1632 805 1695 illius
821 1632 958 1698 consiliis
973 1645 1059 1714 gesta
1075 1653 1154 1716 quae

130 1733 304 1856 prospere
307 1747 479 1852 ceciderint
504 1751 695 1812 testabatur·
722 1731 890 1813 vecordem
917 1748 1096 1811 Arminium
1124 1758 1154 1809 et

130 1883 240 1929 rerum
260 1866 401 1930 nescium
422 1865 554 1927 alienam
574 1864 737 1946 gloriam
726 1885 762 1925 ιιι
784 1883 817 1926 se
839 1865 981 1942 trahere,
1004 1864 1154 1949 quoniam

132 1991 199 2044 tres
219 2002 335 2046 vacuas
354 1979 491 2060 legiones
518 1991 550 2041 et
570 1977 683 2041 ducem
707 1974 866 2040 fraudis
855 1998 999 2058 ignarum
1023 1977 1155 2061 perfidia

134 2093 292 2178 deceperit
310 2089 422 2175 niagn'a
439 2097 510 2156 ιιιιιι
529 2090 617 2157 clade
635 2093 835 2157 (ismeniae
846 2103 885 2156 et
895 2094 1067 2173 ignominia
1088 2115 1154 2170 sua,

133 2212 233 2294 quum
250 2201 375 2288 conjux,
397 2211 495 2292 qtl't'rm
516 2201 604 2272 filius
620 2198 704 2286 ejus
700 2206 868 2272 servitium
883 2191 992 2269 adhuc
1010 2209 1155 2272 tolerent.

133 2336 165 2386 at
187 2345 223 2389 se
248 2307 414 2388 duodecim
434 2318 611 2406 legionibus
638 2308 772 2408 petitum
801 2305 881 2386 duce
898 2322 1031 2386 Tiberio
1051 2325 1154 2386 illiba·

133 2450 197 2502 tam
225 2420 457 2504 Germanorum
483 2440 616 2523 gloriam
645 2441 836 2524 iermvisse3
863 2447 941 2506 mox
962 2440 1155 2506 condicioni-

133 2557 195 2616 bus
219 2555 326 2638 aeqnis
354 2553 543 2620 discessum:
575 2576 678 2640 neque
706 2555 871 2640 poenitere
900 2555 987 2641 quod
1012 2557 1155 2641 ipsorum

132 2671 170 2732 in
197 2662 293 2734 manu
321 2670 380 2749 sit,
410 2671 567 2751 integrum
596 2667 763 2734 adversum
790 2669 952 2735 Romanos
974 2672 1094 2734 bellum
1115 2693 1156 2734 an

133 2762 245 2868 pacem
265 2786 461 2850 incruentam
485 2785 607 2851 malint.
648 2785 707 2850 His
726 2784 860 2850 vocibus
880 2786 1043 2850 instinctos
1064 2805 1156 2850 exer·

134 2898 214 2963 citus
234 2880 380 2983 propriae
403 2920 531 2983 quoque
552 2919 663 2962 causae
684 2897 896 2980 stimulabant,
918 2921 1017 2983 quum
1037 2924 1054 2963 a
1074 2899 1157 2961 Che-

133 3014 235 3077 ruscis
261 3012 541 3098 Langobardisque
569 3016 629 3097 pr'o
661 3014 792 3099 antiquo
821 3014 934 3079 decore
959 3027 1014 3078 aut
1036 3013 1156 3077 recenti

133 3128 278 3192 libertate
316 3142 348 3192 et
379 3142 491 3193 contra
527 3128 689 3211 augendae
727 3129 937 3195 dominationi
977 3141 1157 3194 certaretur.

133 3239 212 3303 Non
233 3242 310 3304 alias
330 3244 450 3321 majore
473 3245 557 3306 mole
579 3263 777 3324 concursum,
797 3265 901 3328 neque
923 3243 1068 3325 ambiguo
1090 3264 1157 3304 ma·

134 3353 182 3432 gis
200 3367 323 3433 eventu,
344 3338 424 3418 fusis
444 3357 594 3440 utrinque
616 3354 736 3421 dextris
755 3358 915 3421 cornibus.
957 3358 1158 3439 sperabatur·

134 3486 198 3549 que
219 3448 330 3530 rursus
350 3489 472 3551 pugna,
495 3470 529 3531 ni
547 3466 767 3534 Maroboduus
789 3481 890 3534 castra
908 3470 944 3533 in
964 3473 1059 3534 collas
1082 3471 1158 3532 sub·

138 3577 291 3645 duxisset.
330 3581 365 3646 id
390 3583 513 3665 signum
539 3586 676 3669 perculsi
696 3587 775 3667 fuit'3
798 3599 829 3650 et
848 3585 1027 3666 transittgiis
1048 3586 1158 3668 paula·

134 3692 194 3755 ιίιιι
217 3692 353 3759 nudatus
382 3695 419 3757 in
442 3697 663 3763 Marcomanos
689 3699 844 3764 concessit
867 3700 1014 3784 misitque
1041 3702 1158 3780 legatos
1244 3725 1246 3729 ¹

138 3806 179 3872 ad
214 3810 379 3875 Tiberium
414 3825 560 3877 oraturos
597 3814 726 3878 auxilia.
780 3815 978 3897 Responsum
1011 3828 1159 3888 estnon

136 3924 208 4004 iure
226 3948 300 3992 eum
317 3926 466 3994 aduersus
481 3928 656 3995 Cheruscos
674 3932 762 3996 arm'a
777 3952 909 3995 romana
927 3931 1085 4008 invocare,
1103 3925 1160 4010 qui

135 4055 311 4120 pugnantes
327 4041 360 4104 in
378 4041 514 4106 eundem
528 4045 650 4109 hostem
665 4045 825 4110 Romanos
839 4047 927 4108 nulla
945 4064 1005 4127 ope
1020 4042 1159 4122 juvisset.

135 4152 255 4217 Missus
276 4166 381 4219 tamen
401 4156 545 4237 Drusus,
566 4169 601 4221 ut
622 4157 818 4237 rettulimus,
836 4156 908 4239 paci
929 4159 1080 4221 firmator.

853 4270 901 4331 4*
