2950 4775
466 395 529 464 EX
549 395 786 465 HISTORIIS
1095 402 1136 469 81

117 585 283 657 potestate.
331 571 529 637 manentibus
556 573 713 638 honorata
740 565 867 654 militia,
895 570 1138 656 digredientibus

117 690 218 771 spolia
241 689 457 751 Romanorum
485 686 711 750 offerebantur.
751 686 845 751 simul
873 688 998 751 secretis
1018 708 1137 752 sermo·

117 804 212 866 nibus
237 803 424 866 admonebat
445 802 598 867 malorum
627 821 708 885 quas
733 812 783 864 tut
804 802 894 864 annis
916 802 1057 885 perpessi
1076 802 1136 865 mi·

116 940 220 984 seram
240 917 421 983 servitutem
441 918 521 981 falso
541 938 650 1000 pacem
669 930 830 983 vocarent.
870 918 1014 983 ‘Batavos
1034 940 1135 1001 quam

117 1059 215 1122 quam
235 1037 425 1102 tributorum
451 1046 594 1118 expertes
623 1054 711 1096 arma
738 1045 848 1098 contra
876 1052 1056 1097 communes
1077 1031 1135 1096 do·

116 1154 220 1216 minoe
241 1153 368 1235 cepisse.
408 1150 511 1232 prima
531 1149 596 1213 acie
616 1151 722 1212 fusum
745 1149 925 1233 victumque
946 1149 1136 1212 Romanum.

117 1266 195 1349 quid
217 1265 244 1329 ei
266 1264 384 1329 Galliae
412 1270 520 1346 jugum
546 1261 686 1328 exuant?
718 1275 873 1348 quantum
892 1264 928 1327 in
947 1264 1039 1328 Italia
1063 1263 1137 1327 reli·

116 1377 241 1465 quum?
262 1379 495 1462 provinciarum
512 1381 662 1460 sanguine
676 1377 855 1461 provinciae
870 1376 963 1443 vinci.
1001 1401 1042 1444 ne
1056 1380 1138 1444 Vin·

118 1494 197 1561 dicis
221 1494 317 1559 aciem
346 1495 534 1576 cogitarent:
563 1496 678 1558 batava
705 1493 811 1578 equite
836 1493 988 1575 protritos
1009 1492 1139 1559 Aeduos

116 1612 359 1693 Arvernosque:
381 1610 477 1671 fuisse
497 1608 580 1669 inter
597 1604 741 1686 Verginii
760 1605 879 1668 auxilia
898 1604 1026 1687 Belgas3
1046 1626 1139 1671 rere·

118 1743 181 1806 que
216 1722 435 1806 reputantibus
468 1718 602 1783 Galliam
637 1717 767 1781 suismet
801 1719 923 1786 uiribus
959 1716 1140 1783 concidisse.

116 1860 204 1902 nunc
232 1835 358 1900 eaedem
387 1835 528 1900 omnium
553 1844 674 1916 partes,
705 1830 811 1898 addito
840 1834 868 1896 si
894 1831 970 1919 quid
997 1831 1141 1898 militaris

117 1950 301 2034 disciplinae
321 1952 355 2014 in
378 1950 486 2014 castris
507 1949 723 2012 Romanorum
751 1946 894 2028 viguerit.
947 1969 1013 2014 esse
1034 1967 1140 2012 secum

116 2079 283 2132 veteranas
305 2065 466 2143 cobortes,
487 2063 603 2147 quibus
627 2082 730 2143 nuper
751 2058 886 2127 Othonis
904 2063 1043 2144 legiones
1064 2083 1141 2145 pro·

116 2180 296 2245 cubuerint.
344 2179 497 2242 servirent
525 2175 618 2239 Suria
649 2174 787 2259 Asiaque
817 2188 850 2239 et
877 2189 983 2242 suetus
1012 2178 1139 2260 regibus

116 2293 254 2361 Oriens:
278 2294 393 2356 multoe
415 2289 516 2356 adhuc
538 2291 572 2353 in
598 2290 699 2354 Gallia
718 2290 828 2357 virere
849 2306 921 2357 ante
942 2294 1062 2357 tributa
1084 2316 1139 2376 ge·

114 2412 210 2474 nitus.
252 2429 355 2491 nuper
375 2420 458 2471 certe
478 2428 568 2471 caeso
593 2405 747 2485 Quintilio
767 2409 856 2472 Varo
876 2411 1000 2491 pulsam
1022 2432 1040 2473 e
1057 2410 1136 2473 oer-

115 2528 222 2589 mania
242 2526 433 2603 servitutem,
454 2545 512 2588 nec
528 2525 692 2588 Vitellium
709 2525 883 2608 principem
903 2524 958 2588 sed
980 2547 1135 2589 caesarem

115 2652 282 2720 augustum
310 2640 396 2701 bello
424 2649 641 2720 provocatum.
692 2640 870 2701 libertatem
900 2651 1012 2701 natura
1042 2641 1135 2702 etiam
1177 2717 1182 2729 Ι

116 2754 210 2815 mutis
241 2751 425 2814 animalibus
452 2748 571 2826 datam,
601 2749 750 2816 virtutem
776 2751 942 2835 proprium
969 2751 1136 2817 hominum

114 2867 246 2928 bonum.
296 2862 372 2929 deos
403 2865 587 2928 fortioribus
619 2863 737 2929 adesse.
793 2866 928 2949 proinde
961 2868 1138 2950 arriperent

115 2981 210 3045 vacui
231 2992 414 3061 occupatos,
443 2980 557 3060 integri
577 2982 687 3045 fessos.
728 2978 804 3044 dum
825 2980 879 3041 alii
897 2982 1137 3063 Vespasianum,

116 3097 171 3159 alii
185 3096 348 3159 Vitellium
363 3096 509 3174 foveant,
523 3107 637 3178 *patere
653 3098 760 3158 lacum
780 3092 928 3159 adversus
948 3096 1137 3180 utrumque?

203 3208 254 3272 Sic
275 3208 311 3269 in
335 3208 453 3271 Gallias
475 3206 721 3293 Germaniaeque
741 3208 898 3286 intentus,
927 3208 954 3271 ei
981 3207 1134 3278 decimata
1148 3226 1220 3289 4,ts

114 3324 351 3407 provenissent,
377 3322 638 3389 validiesImarum
664 3324 949 3408 ditissimarumque
970 3327 1132 3390 nationum

114 3458 213 3520 reguo
234 3437 427 3502 imminebat.
469 3440 511 3503 At
534 3440 663 3507 Flaccus
683 3439 887 3504 Hordeonius
906 3441 1025 3524 primos
1049 3441 1134 3505 civi-

114 3550 154 3614 lis
184 3563 314 3614 consuls
342 3572 401 3632 per
429 3548 707 3620 dissimulationem
735 3554 823 3617 aluit.
871 3552 937 3618 Ubi
959 3568 1135 3635 expugnata

116 3676 227 3742 caetra,
249 3661 365 3728 deletas
388 3665 541 3741 cohortes,
561 3666 688 3746 pulsum
702 3665 895 3730 Batavorum
909 3666 1013 3729 insula
1030 3686 1135 3729 roma·

32 3779 33 3806 ³
115 3801 194 3842 num
216 3801 333 3845 nomen
353 3768 473 3863 trepidi
490 3780 594 3842 nuntii
615 3780 805 3858 afferebant,
834 3779 991 3843 Mumium
1011 3778 1136 3863 Luper·

33 3917 34 3950 t
116 3915 189 3957 cum
216 3897 352 3975 legatum
383 3890 424 3978 (is
454 3891 589 3958 duarum
618 3894 778 3976 legionum
806 3894 946 3958 hibernis
977 3890 1136 3979 praeerat)

34 4005 39 4100 Ἰ
116 4005 224 4089 egredi
251 4006 401 4071 adsersus
425 4009 547 4073 hostem
575 4011 673 4088 jubet.
715 4009 878 4093 Lupercus
904 4009 1135 4090 legionariose

38 4201 41 4210 Ι
115 4123 343 4216 praesentibus,
358 4122 458 4186 Ubios
473 4146 490 4185 e
505 4126 669 4209 proximis,
684 4126 898 4192 Treverorum
914 4125 1034 4206 equites
1050 4121 1143 4186 haud*

857 4245 875 4298 6
