<?xml version="1.0" encoding="UTF-8"?>
<!DOCTYPE html PUBLIC "-//W3C//DTD XHTML 1.0 Transitional//EN"
    "http://www.w3.org/TR/xhtml1/DTD/xhtml1-transitional.dtd">
<html xmlns="http://www.w3.org/1999/xhtml" xml:lang="en" lang="en">
 <head>
  <title>
</title>
<meta http-equiv="Content-Type" content="text/html;charset=utf-8" />
  <meta name='ocr-system' content='tesseract 3.04.00' />
  <meta name='ocr-capabilities' content='ocr_page ocr_carea ocr_par ocr_line ocrx_word'/>
</head>
<body>
  <div class='ocr_page' id='page_1' title='image "./tacitigermania01grimgoog_0059.png"; bbox 0 0 2950 4775; ppageno 0'>
   <div class='ocr_carea' id='block_1_1' title="bbox 476 366 1161 444">
    <p class='ocr_par' dir='ltr' id='par_1_1' title="bbox 476 366 1161 444">
     <span class='ocr_line' id='line_1_1' title="bbox 476 366 1161 444; baseline -0.001 -7"><span class='ocrx_word' id='word_1_1' title='bbox 476 368 538 437; x_wconf 80' lang='lat' dir='ltr'><strong>EX</strong></span> <span class='ocrx_word' id='word_1_2' title='bbox 559 366 827 444; x_wconf 66' lang='lat' dir='ltr'>ANNALIBUS</span> <span class='ocrx_word' id='word_1_3' title='bbox 1116 369 1161 436; x_wconf 76' lang='lat'><strong>59</strong></span> 
     </span>
    </p>
   </div>
   <div class='ocr_carea' id='block_1_2' title="bbox 91 533 1296 3374">
    <p class='ocr_par' dir='ltr' id='par_1_2' title="bbox 91 533 1296 2118">
     <span class='ocr_line' id='line_1_2' title="bbox 91 533 1161 631; baseline 0.001 -21"><span class='ocrx_word' id='word_1_4' title='bbox 91 533 94 537; x_wconf 28' lang='lat'>⁸</span> <span class='ocrx_word' id='word_1_5' title='bbox 139 566 203 630; x_wconf 89' lang='lat' dir='ltr'><strong>que</strong></span> <span class='ocrx_word' id='word_1_6' title='bbox 221 544 407 611; x_wconf 80' lang='lat' dir='ltr'><strong>nationibus</strong></span> <span class='ocrx_word' id='word_1_7' title='bbox 429 554 607 625; x_wconf 74' lang='lat' dir='ltr'><strong>ostentaret,</strong></span> <span class='ocrx_word' id='word_1_8' title='bbox 627 547 662 610; x_wconf 90' lang='lat' dir='ltr'><strong>in</strong></span> <span class='ocrx_word' id='word_1_9' title='bbox 683 543 838 630; x_wconf 85' lang='lat' dir='ltr'><strong>oppidum</strong></span> <span class='ocrx_word' id='word_1_10' title='bbox 857 543 1023 624; x_wconf 88' lang='lat' dir='ltr'><strong>Ubiorum,</strong></span> <span class='ocrx_word' id='word_1_11' title='bbox 1042 544 1078 609; x_wconf 90' lang='lat' dir='ltr'><strong>in</strong></span> <span class='ocrx_word' id='word_1_12' title='bbox 1093 567 1161 631; x_wconf 85' lang='lat' dir='ltr'><strong>quo</strong></span> 
     </span>
     <span class='ocr_line' id='line_1_3' title="bbox 137 657 1163 743; baseline -0.002 -20"><span class='ocrx_word' id='word_1_13' title='bbox 137 660 343 742; x_wconf 76' lang='lat' dir='ltr'><strong>gemisceret,</strong></span> <span class='ocrx_word' id='word_1_14' title='bbox 367 670 534 726; x_wconf 69' lang='lat' dir='ltr'><strong>vuccanus</strong></span> <span class='ocrx_word' id='word_1_15' title='bbox 558 660 778 743; x_wconf 75' lang='lat' dir='ltr'><strong>coloniamque</strong></span> <span class='ocrx_word' id='word_1_16' title='bbox 802 657 1163 742; x_wconf 67' lang='lat' dir='ltr'><strong>deduci·impatrat‚‘cui</strong></span> 
     </span>
     <span class='ocr_line' id='line_1_4' title="bbox 141 771 1163 856; baseline 0 -19"><span class='ocrx_word' id='word_1_17' title='bbox 141 795 260 838; x_wconf 90' lang='lat' dir='ltr'><strong>nomen</strong></span> <span class='ocrx_word' id='word_1_18' title='bbox 275 771 411 838; x_wconf 86' lang='lat' dir='ltr'><strong>inditum</strong></span> <span class='ocrx_word' id='word_1_19' title='bbox 431 775 619 838; x_wconf 80' lang='lat' dir='ltr'><strong>erocabulo</strong></span> <span class='ocrx_word' id='word_1_20' title='bbox 639 773 750 856; x_wconf 84' lang='lat' dir='ltr'><strong>ipsius.</strong></span> <span class='ocrx_word' id='word_1_21' title='bbox 783 795 819 838; x_wconf 82' lang='lat' dir='ltr'><strong>sc</strong></span> <span class='ocrx_word' id='word_1_22' title='bbox 840 774 924 838; x_wconf 88' lang='lat' dir='ltr'><strong>forte</strong></span> <span class='ocrx_word' id='word_1_23' title='bbox 945 773 1106 854; x_wconf 82' lang='lat' dir='ltr'><strong>acciderat,</strong></span> <span class='ocrx_word' id='word_1_24' title='bbox 1126 786 1163 838; x_wconf 87' lang='lat' dir='ltr'><strong>ut</strong></span> 
     </span>
     <span class='ocr_line' id='line_1_5' title="bbox 141 883 1163 971; baseline -0.001 -19"><span class='ocrx_word' id='word_1_25' title='bbox 141 911 212 952; x_wconf 89' lang='lat' dir='ltr'><strong>eam</strong></span> <span class='ocrx_word' id='word_1_26' title='bbox 232 902 357 971; x_wconf 80' lang='lat' dir='ltr'><strong>gentem</strong></span> <span class='ocrx_word' id='word_1_27' title='bbox 376 889 489 954; x_wconf 84' lang='lat' dir='ltr'><strong>Rheno</strong></span> <span class='ocrx_word' id='word_1_28' title='bbox 510 883 731 970; x_wconf 75' lang='lat' dir='ltr'><strong>trmsgrsssstn</strong></span> <span class='ocrx_word' id='word_1_29' title='bbox 752 909 830 955; x_wconf 82' lang='lat' dir='ltr'><strong>avus</strong></span> <span class='ocrx_word' id='word_1_30' title='bbox 851 888 992 971; x_wconf 71' lang='lat' dir='ltr'><strong>Agrippa</strong></span> <span class='ocrx_word' id='word_1_31' title='bbox 1011 888 1045 951; x_wconf 90' lang='lat' dir='ltr'><strong>in</strong></span> <span class='ocrx_word' id='word_1_32' title='bbox 1066 888 1163 953; x_wconf 81' lang='lat' dir='ltr'><strong>fldem</strong></span> 
     </span>
     <span class='ocr_line' id='line_1_6' title="bbox 142 1002 1165 1096; baseline -0.002 -31"><span class='ocrx_word' id='word_1_33' title='bbox 142 1003 307 1085; x_wconf 86' lang='lat' dir='ltr'><strong>acciperet.</strong></span> <span class='ocrx_word' id='word_1_34' title='bbox 360 1002 475 1096; x_wconf 86' lang='lat' dir='ltr'><strong>Iisdem</strong></span> <span class='ocrx_word' id='word_1_35' title='bbox 505 1005 701 1086; x_wconf 77' lang='lat' dir='ltr'><strong>temporsbus</strong></span> <span class='ocrx_word' id='word_1_36' title='bbox 733 1004 769 1070; x_wconf 78' lang='lat' dir='ltr'><strong>in</strong></span> <span class='ocrx_word' id='word_1_37' title='bbox 801 1005 964 1086; x_wconf 76' lang='lat' dir='ltr'><strong>superiore</strong></span> <span class='ocrx_word' id='word_1_38' title='bbox 996 1002 1165 1065; x_wconf 79' lang='lat' dir='ltr'>Germania</span> 
     </span>
     <span class='ocr_line' id='line_1_7' title="bbox 140 1115 1164 1199; baseline -0.001 -19"><span class='ocrx_word' id='word_1_39' title='bbox 140 1115 333 1199; x_wconf 81' lang='lat' dir='ltr'><strong>trepidatum</strong></span> <span class='ocrx_word' id='word_1_40' title='bbox 370 1116 509 1182; x_wconf 83' lang='lat' dir='ltr'><strong>adventu</strong></span> <span class='ocrx_word' id='word_1_41' title='bbox 547 1118 745 1182; x_wconf 74' lang='lat' dir='ltr'><strong>Chattorum</strong></span> <span class='ocrx_word' id='word_1_42' title='bbox 772 1117 936 1181; x_wconf 73' lang='lat' dir='ltr'><strong>latrocinia</strong></span> <span class='ocrx_word' id='word_1_43' title='bbox 972 1116 1164 1197; x_wconf 74' lang='lat' dir='ltr'><strong>agitantium.</strong></span> 
     </span>
     <span class='ocr_line' id='line_1_8' title="bbox 143 1228 1171 1311; baseline -0.001 -19"><span class='ocrx_word' id='word_1_44' title='bbox 143 1228 218 1292; x_wconf 89' lang='lat' dir='ltr'><strong>dein</strong></span> <span class='ocrx_word' id='word_1_45' title='bbox 242 1229 359 1293; x_wconf 87' lang='lat' dir='ltr'><strong>Lucius</strong></span> <span class='ocrx_word' id='word_1_46' title='bbox 380 1229 574 1311; x_wconf 85' lang='lat' dir='ltr'><strong>Pomponius</strong></span> <span class='ocrx_word' id='word_1_47' title='bbox 600 1232 721 1310; x_wconf 85' lang='lat' dir='ltr'><strong>legatus</strong></span> <span class='ocrx_word' id='word_1_48' title='bbox 740 1230 909 1296; x_wconf 79' lang='lat' dir='ltr'><strong>auxiliaros</strong></span> <span class='ocrx_word' id='word_1_49' title='bbox 927 1230 1109 1310; x_wconf 75' lang='lat' dir='ltr'><strong>Vangionas</strong></span> <span class='ocrx_word' id='word_1_50' title='bbox 1128 1250 1171 1291; x_wconf 65' lang='lat' dir='ltr'><strong>ac.</strong></span> 
     </span>
     <span class='ocr_line' id='line_1_9' title="bbox 144 1339 1165 1426; baseline 0 -20"><span class='ocrx_word' id='word_1_51' title='bbox 144 1343 291 1406; x_wconf 86' lang='lat' dir='ltr'><strong>Nemetas</strong></span> <span class='ocrx_word' id='word_1_52' title='bbox 318 1339 424 1406; x_wconf 91' lang='lat' dir='ltr'><strong>addito</strong></span> <span class='ocrx_word' id='word_1_53' title='bbox 452 1343 557 1426; x_wconf 86' lang='lat' dir='ltr'><strong>equite</strong></span> <span class='ocrx_word' id='word_1_54' title='bbox 581 1344 680 1408; x_wconf 79' lang='lat' dir='ltr'><strong>alerio</strong></span> <span class='ocrx_word' id='word_1_55' title='bbox 702 1343 840 1408; x_wconf 89' lang='lat' dir='ltr'><strong>monitos</strong></span> <span class='ocrx_word' id='word_1_56' title='bbox 868 1356 904 1410; x_wconf 89' lang='lat' dir='ltr'><strong>ut</strong></span> <span class='ocrx_word' id='word_1_57' title='bbox 930 1345 1085 1408; x_wconf 71' lang='lat' dir='ltr'><strong>anteirent</strong></span> <span class='ocrx_word' id='word_1_58' title='bbox 1106 1364 1165 1426; x_wconf 82' lang='lat' dir='ltr'><strong>po-</strong></span> 
     </span>
     <span class='ocr_line' id='line_1_10' title="bbox 144 1457 1166 1543; baseline 0.003 -24"><span class='ocrx_word' id='word_1_59' title='bbox 144 1459 307 1541; x_wconf 84' lang='lat' dir='ltr'><strong>pulatores</strong></span> <span class='ocrx_word' id='word_1_60' title='bbox 336 1459 387 1521; x_wconf 81' lang='lat' dir='ltr'><strong>vet</strong></span> <span class='ocrx_word' id='word_1_61' title='bbox 415 1457 542 1541; x_wconf 87' lang='lat' dir='ltr'><strong>dilapsis</strong></span> <span class='ocrx_word' id='word_1_62' title='bbox 569 1459 734 1543; x_wconf 75' lang='lat' dir='ltr'><strong>improvisi</strong></span> <span class='ocrx_word' id='word_1_63' title='bbox 755 1460 1091 1526; x_wconf 78' lang='lat' dir='ltr'><strong>circumfunderentur.</strong></span> <span class='ocrx_word' id='word_1_64' title='bbox 1134 1472 1166 1523; x_wconf 86' lang='lat' dir='ltr'><strong>et</strong></span> 
     </span>
     <span class='ocr_line' id='line_1_11' title="bbox 145 1569 1296 1655; baseline -0.002 -20"><span class='ocrx_word' id='word_1_65' title='bbox 145 1585 251 1635; x_wconf 89' lang='lat' dir='ltr'><strong>secuta</strong></span> <span class='ocrx_word' id='word_1_66' title='bbox 278 1572 443 1635; x_wconf 89' lang='lat' dir='ltr'><strong>consilium</strong></span> <span class='ocrx_word' id='word_1_67' title='bbox 467 1569 555 1634; x_wconf 89' lang='lat' dir='ltr'><strong>ducis</strong></span> <span class='ocrx_word' id='word_1_68' title='bbox 582 1569 738 1648; x_wconf 79' lang='lat' dir='ltr'><strong>industria</strong></span> <span class='ocrx_word' id='word_1_69' title='bbox 764 1573 917 1652; x_wconf 85' lang='lat' dir='ltr'><strong>militum,</strong></span> <span class='ocrx_word' id='word_1_70' title='bbox 947 1573 1103 1655; x_wconf 82' lang='lat' dir='ltr'><strong>divisique</strong></span> <span class='ocrx_word' id='word_1_71' title='bbox 1130 1572 1165 1633; x_wconf 91' lang='lat' dir='ltr'><strong>in</strong></span> <span class='ocrx_word' id='word_1_72' title='bbox 1293 1577 1296 1582; x_wconf 89' lang='lat'>&#39;</span> 
     </span>
     <span class='ocr_line' id='line_1_12' title="bbox 145 1686 1166 1771; baseline -0.003 -21"><span class='ocrx_word' id='word_1_73' title='bbox 145 1686 210 1750; x_wconf 92' lang='lat' dir='ltr'><strong>duo</strong></span> <span class='ocrx_word' id='word_1_74' title='bbox 230 1688 355 1769; x_wconf 78' lang='lat' dir='ltr'><strong>agmina</strong></span> <span class='ocrx_word' id='word_1_75' title='bbox 368 1688 431 1771; x_wconf 48' lang='lat' dir='ltr'><strong>tqui</strong></span> <span class='ocrx_word' id='word_1_76' title='bbox 452 1689 579 1752; x_wconf 81' lang='lat' dir='ltr'><strong>laevum</strong></span> <span class='ocrx_word' id='word_1_77' title='bbox 604 1687 666 1762; x_wconf 86' lang='lat' dir='ltr'><strong>iter</strong></span> <span class='ocrx_word' id='word_1_78' title='bbox 682 1687 874 1770; x_wconf 70' lang='lat' dir='ltr'><strong>petiverant,</strong></span> <span class='ocrx_word' id='word_1_79' title='bbox 892 1708 1001 1752; x_wconf 85' lang='lat' dir='ltr'><strong>recens</strong></span> <span class='ocrx_word' id='word_1_80' title='bbox 1022 1704 1166 1752; x_wconf 86' lang='lat' dir='ltr'><strong>reversos</strong></span> 
     </span>
     <span class='ocr_line' id='line_1_13' title="bbox 144 1803 1167 1890; baseline 0 -23"><span class='ocrx_word' id='word_1_81' title='bbox 144 1803 325 1888; x_wconf 83' lang='lat' dir='ltr'><strong>praedaque</strong></span> <span class='ocrx_word' id='word_1_82' title='bbox 353 1826 411 1887; x_wconf 82' lang='lat' dir='ltr'><strong>per</strong></span> <span class='ocrx_word' id='word_1_83' title='bbox 438 1806 646 1890; x_wconf 22' lang='lat' dir='ltr'><strong>luxumuusos</strong></span> <span class='ocrx_word' id='word_1_84' title='bbox 674 1817 705 1867; x_wconf 87' lang='lat' dir='ltr'><strong>et</strong></span> <span class='ocrx_word' id='word_1_85' title='bbox 730 1819 844 1870; x_wconf 83' lang='lat' dir='ltr'><strong>somno</strong></span> <span class='ocrx_word' id='word_1_86' title='bbox 865 1823 975 1884; x_wconf 74' lang='lat' dir='ltr'><strong>graues</strong></span> <span class='ocrx_word' id='word_1_87' title='bbox 995 1803 1167 1867; x_wconf 73' lang='lat' dir='ltr'><strong>drcuntvs·</strong></span> 
     </span>
     <span class='ocr_line' id='line_1_14' title="bbox 146 1918 1174 2005; baseline -0.004 -21"><span class='ocrx_word' id='word_1_88' title='bbox 146 1942 234 1984; x_wconf 85' lang='lat' dir='ltr'><strong>nsrs.</strong></span> <span class='ocrx_word' id='word_1_89' title='bbox 284 1933 374 1986; x_wconf 85' lang='lat' dir='ltr'><strong>sucta</strong></span> <span class='ocrx_word' id='word_1_90' title='bbox 399 1921 533 2000; x_wconf 79' lang='lat' dir='ltr'><strong>laetitia,</strong></span> <span class='ocrx_word' id='word_1_91' title='bbox 563 1918 653 2005; x_wconf 84' lang='lat' dir='ltr'><strong>quod</strong></span> <span class='ocrx_word' id='word_1_92' title='bbox 684 1918 839 2005; x_wconf 84' lang='lat' dir='ltr'><strong>quosdam</strong></span> <span class='ocrx_word' id='word_1_93' title='bbox 871 1941 889 1984; x_wconf 86' lang='lat' dir='ltr'><strong>e</strong></span> <span class='ocrx_word' id='word_1_94' title='bbox 918 1918 1006 1983; x_wconf 85' lang='lat' dir='ltr'><strong>clads</strong></span> <span class='ocrx_word' id='word_1_95' title='bbox 1036 1920 1174 1986; x_wconf 46' lang='lat' dir='ltr'><strong>variana,</strong></span> 
     </span>
     <span class='ocr_line' id='line_1_15' title="bbox 147 2032 1018 2118; baseline 0.002 -23"><span class='ocrx_word' id='word_1_96' title='bbox 147 2032 417 2116; x_wconf 78' lang='lat' dir='ltr'><strong>quadragesimum</strong></span> <span class='ocrx_word' id='word_1_97' title='bbox 437 2046 511 2118; x_wconf 84' lang='lat' dir='ltr'><strong>post</strong></span> <span class='ocrx_word' id='word_1_98' title='bbox 530 2054 650 2106; x_wconf 70' lang='lat' dir='ltr'><strong>euntem</strong></span> <span class='ocrx_word' id='word_1_99' title='bbox 673 2033 802 2098; x_wconf 82' lang='lat' dir='ltr'><strong>servitio</strong></span> <span class='ocrx_word' id='word_1_100' title='bbox 826 2046 1018 2100; x_wconf 74' lang='lat' dir='ltr'><strong>exemerunt.</strong></span> 
     </span>
    </p>

    <p class='ocr_par' dir='ltr' id='par_1_3' title="bbox 145 2126 1273 3260">
     <span class='ocr_line' id='line_1_16' title="bbox 232 2126 1273 2232; baseline -0.005 -23"><span class='ocrx_word' id='word_1_101' title='bbox 232 2151 275 2210; x_wconf 78' lang='lat' dir='ltr'><strong>At</strong></span> <span class='ocrx_word' id='word_1_102' title='bbox 303 2148 359 2231; x_wconf 90' lang='lat' dir='ltr'><strong>qui</strong></span> <span class='ocrx_word' id='word_1_103' title='bbox 389 2126 519 2212; x_wconf 37' lang='lat' dir='ltr'><strong>dextris·</strong></span> <span class='ocrx_word' id='word_1_104' title='bbox 541 2162 573 2213; x_wconf 85' lang='lat' dir='ltr'><strong>st</strong></span> <span class='ocrx_word' id='word_1_105' title='bbox 603 2149 808 2232; x_wconf 83' lang='lat' dir='ltr'><strong>propioribus</strong></span> <span class='ocrx_word' id='word_1_106' title='bbox 840 2146 1034 2230; x_wconf 80' lang='lat' dir='ltr'><strong>compendiis</strong></span> <span class='ocrx_word' id='word_1_107' title='bbox 1064 2147 1170 2211; x_wconf 84' lang='lat' dir='ltr'><strong>ierant</strong></span> <span class='ocrx_word' id='word_1_108' title='bbox 1186 2154 1273 2218; x_wconf 62' lang='lat' dir='ltr'><strong>tuas</strong></span> 
     </span>
     <span class='ocr_line' id='line_1_17' title="bbox 146 2259 1169 2345; baseline 0.004 -23"><span class='ocrx_word' id='word_1_109' title='bbox 146 2259 242 2322; x_wconf 85' lang='lat' dir='ltr'><strong>obvio</strong></span> <span class='ocrx_word' id='word_1_110' title='bbox 260 2261 346 2323; x_wconf 88' lang='lat' dir='ltr'><strong>hosti</strong></span> <span class='ocrx_word' id='word_1_111' title='bbox 365 2273 395 2323; x_wconf 91' lang='lat' dir='ltr'><strong>et</strong></span> <span class='ocrx_word' id='word_1_112' title='bbox 416 2263 514 2326; x_wconf 85' lang='lat' dir='ltr'><strong>aciem</strong></span> <span class='ocrx_word' id='word_1_113' title='bbox 536 2282 623 2339; x_wconf 84' lang='lat' dir='ltr'><strong>auso,</strong></span> <span class='ocrx_word' id='word_1_114' title='bbox 641 2263 714 2345; x_wconf 77' lang='lat' dir='ltr'><strong>plus</strong></span> <span class='ocrx_word' id='word_1_115' title='bbox 725 2261 837 2330; x_wconf 68' lang='lat' dir='ltr'><strong>cladis?</strong></span> <span class='ocrx_word' id='word_1_116' title='bbox 853 2264 982 2341; x_wconf 81' lang='lat' dir='ltr'><strong>faciunt,</strong></span> <span class='ocrx_word' id='word_1_117' title='bbox 1002 2274 1035 2325; x_wconf 88' lang='lat' dir='ltr'><strong>et</strong></span> <span class='ocrx_word' id='word_1_118' title='bbox 1050 2259 1169 2344; x_wconf 79' lang='lat' dir='ltr'><strong>praeda</strong></span> 
     </span>
     <span class='ocr_line' id='line_1_18' title="bbox 145 2374 1171 2459; baseline 0.004 -23"><span class='ocrx_word' id='word_1_119' title='bbox 145 2374 292 2459; x_wconf 84' lang='lat' dir='ltr'><strong>famaque</strong></span> <span class='ocrx_word' id='word_1_120' title='bbox 319 2376 426 2439; x_wconf 87' lang='lat' dir='ltr'><strong>onusti</strong></span> <span class='ocrx_word' id='word_1_121' title='bbox 453 2374 498 2439; x_wconf 88' lang='lat' dir='ltr'><strong>ad·</strong></span> <span class='ocrx_word' id='word_1_122' title='bbox 524 2388 665 2447; x_wconf 75' lang='lat' dir='ltr'><strong>montem</strong></span> <span class='ocrx_word' id='word_1_123' title='bbox 690 2376 838 2446; x_wconf 76' lang='lat' dir='ltr'><strong>Taunum</strong></span> <span class='ocrx_word' id='word_1_124' title='bbox 866 2389 1083 2454; x_wconf 74' lang='lat' dir='ltr'><strong>revertuntur,</strong></span> <span class='ocrx_word' id='word_1_125' title='bbox 1113 2378 1171 2440; x_wconf 93' lang='lat' dir='ltr'><strong>ubi</strong></span> 
     </span>
     <span class='ocr_line' id='line_1_19' title="bbox 147 2488 1172 2572; baseline 0.002 -21"><span class='ocrx_word' id='word_1_126' title='bbox 147 2488 342 2572; x_wconf 83' lang='lat' dir='ltr'><strong>Pomponius</strong></span> <span class='ocrx_word' id='word_1_127' title='bbox 371 2511 445 2553; x_wconf 84' lang='lat' dir='ltr'><strong>cnm</strong></span> <span class='ocrx_word' id='word_1_128' title='bbox 469 2489 646 2570; x_wconf 76' lang='lat' dir='ltr'><strong>legionibus</strong></span> <span class='ocrx_word' id='word_1_129' title='bbox 668 2492 910 2572; x_wconf 76' lang='lat' dir='ltr'><strong>opperiebatur,</strong></span> <span class='ocrx_word' id='word_1_130' title='bbox 939 2494 974 2555; x_wconf 75' lang='lat' dir='ltr'><strong>si‘</strong></span> <span class='ocrx_word' id='word_1_131' title='bbox 990 2490 1096 2555; x_wconf 79' lang='lat' dir='ltr'><strong>Chatti</strong></span> <span class='ocrx_word' id='word_1_132' title='bbox 1115 2512 1172 2553; x_wconf 89' lang='lat' dir='ltr'><strong>cu·</strong></span> 
     </span>
     <span class='ocr_line' id='line_1_20' title="bbox 147 2601 1171 2687; baseline -0.001 -19"><span class='ocrx_word' id='word_1_133' title='bbox 147 2603 254 2686; x_wconf 87' lang='lat' dir='ltr'><strong>pidine</strong></span> <span class='ocrx_word' id='word_1_134' title='bbox 275 2601 446 2667; x_wconf 84' lang='lat' dir='ltr'><strong>ulciscendi</strong></span> <span class='ocrx_word' id='word_1_135' title='bbox 468 2623 577 2669; x_wconf 80' lang='lat' dir='ltr'><strong>casum</strong></span> <span class='ocrx_word' id='word_1_136' title='bbox 604 2625 729 2687; x_wconf 79' lang='lat' dir='ltr'><strong>pugnae</strong></span> <span class='ocrx_word' id='word_1_137' title='bbox 757 2607 956 2687; x_wconf 74' lang='lat' dir='ltr'><strong>praeberent.</strong></span> <span class='ocrx_word' id='word_1_138' title='bbox 996 2606 1047 2668; x_wconf 87' lang='lat' dir='ltr'><strong>Illi</strong></span> <span class='ocrx_word' id='word_1_139' title='bbox 1073 2617 1171 2683; x_wconf 87' lang='lat' dir='ltr'><strong>metu,</strong></span> 
     </span>
     <span class='ocr_line' id='line_1_21' title="bbox 148 2717 1187 2804; baseline 0.002 -23"><span class='ocrx_word' id='word_1_140' title='bbox 148 2741 191 2782; x_wconf 84' lang='lat' dir='ltr'><strong>ne</strong></span> <span class='ocrx_word' id='word_1_141' title='bbox 214 2721 288 2783; x_wconf 89' lang='lat' dir='ltr'><strong>binc</strong></span> <span class='ocrx_word' id='word_1_142' title='bbox 308 2720 490 2797; x_wconf 80' lang='lat' dir='ltr'><strong>Romanus,</strong></span> <span class='ocrx_word' id='word_1_143' title='bbox 520 2717 594 2782; x_wconf 86' lang='lat' dir='ltr'><strong>inde</strong></span> <span class='ocrx_word' id='word_1_144' title='bbox 617 2719 785 2802; x_wconf 73' lang='lat' dir='ltr'><strong>Cherusci,</strong></span> <span class='ocrx_word' id='word_1_145' title='bbox 819 2742 890 2785; x_wconf 90' lang='lat' dir='ltr'><strong>cum</strong></span> <span class='ocrx_word' id='word_1_146' title='bbox 912 2719 984 2804; x_wconf 86' lang='lat' dir='ltr'><strong>quis</strong></span> <span class='ocrx_word' id='word_1_147' title='bbox 1006 2732 1187 2783; x_wconf 69' lang='lat' dir='ltr'><strong>autunum.</strong></span> 
     </span>
     <span class='ocr_line' id='line_1_22' title="bbox 148 2830 1173 2915; baseline -0.003 -18"><span class='ocrx_word' id='word_1_148' title='bbox 148 2832 344 2915; x_wconf 82' lang='lat' dir='ltr'><strong>discordant,</strong></span> <span class='ocrx_word' id='word_1_149' title='bbox 373 2830 710 2914; x_wconf 79' lang='lat' dir='ltr'><strong>circumgredsrentur,</strong></span> <span class='ocrx_word' id='word_1_150' title='bbox 730 2835 847 2914; x_wconf 79' lang='lat' dir='ltr'><strong>legatos</strong></span> <span class='ocrx_word' id='word_1_151' title='bbox 869 2833 905 2895; x_wconf 90' lang='lat' dir='ltr'><strong>in</strong></span> <span class='ocrx_word' id='word_1_152' title='bbox 926 2835 1038 2899; x_wconf 81' lang='lat' dir='ltr'><strong>urbem</strong></span> <span class='ocrx_word' id='word_1_153' title='bbox 1060 2847 1090 2896; x_wconf 86' lang='lat' dir='ltr'><strong>st</strong></span> <span class='ocrx_word' id='word_1_154' title='bbox 1113 2833 1173 2897; x_wconf 89' lang='lat' dir='ltr'><strong>ob·</strong></span> 
     </span>
     <span class='ocr_line' id='line_1_23' title="bbox 145 2945 1172 3030; baseline -0.001 -21"><span class='ocrx_word' id='word_1_155' title='bbox 145 2945 233 3010; x_wconf 89' lang='lat' dir='ltr'><strong>sides</strong></span> <span class='ocrx_word' id='word_1_156' title='bbox 253 2948 383 3011; x_wconf 85' lang='lat' dir='ltr'><strong>misere:</strong></span> <span class='ocrx_word' id='word_1_157' title='bbox 405 2946 610 3029; x_wconf 74' lang='lat' dir='ltr'><strong>decretusque</strong></span> <span class='ocrx_word' id='word_1_158' title='bbox 631 2946 809 3029; x_wconf 87' lang='lat' dir='ltr'><strong>Pomponio</strong></span> <span class='ocrx_word' id='word_1_159' title='bbox 831 2947 1032 3030; x_wconf 85' lang='lat' dir='ltr'><strong>triumphalis</strong></span> <span class='ocrx_word' id='word_1_160' title='bbox 1051 2948 1172 3026; x_wconf 80' lang='lat' dir='ltr'><strong>bonos3</strong></span> 
     </span>
     <span class='ocr_line' id='line_1_24' title="bbox 148 3060 1172 3155; baseline 0 -32"><span class='ocrx_word' id='word_1_161' title='bbox 148 3060 273 3131; x_wconf 88' lang='lat' dir='ltr'><strong>modica</strong></span> <span class='ocrx_word' id='word_1_162' title='bbox 294 3083 369 3144; x_wconf 81' lang='lat' dir='ltr'><strong>pars</strong></span> <span class='ocrx_word' id='word_1_163' title='bbox 388 3064 490 3127; x_wconf 86' lang='lat' dir='ltr'><strong>famae</strong></span> <span class='ocrx_word' id='word_1_164' title='bbox 517 3067 594 3155; x_wconf 80' lang='lat' dir='ltr'><strong>ejus</strong></span> <span class='ocrx_word' id='word_1_165' title='bbox 612 3060 698 3145; x_wconf 78' lang='lat' dir='ltr'><strong>apud·</strong></span> <span class='ocrx_word' id='word_1_166' title='bbox 715 3075 879 3145; x_wconf 74' lang='lat' dir='ltr'><strong>posteros,</strong></span> <span class='ocrx_word' id='word_1_167' title='bbox 907 3063 942 3125; x_wconf 90' lang='lat' dir='ltr'><strong>in</strong></span> <span class='ocrx_word' id='word_1_168' title='bbox 968 3061 1039 3147; x_wconf 86' lang='lat' dir='ltr'><strong>quis</strong></span> <span class='ocrx_word' id='word_1_169' title='bbox 1060 3061 1172 3128; x_wconf 85' lang='lat' dir='ltr'><strong>carmi·</strong></span> 
     </span>
     <span class='ocr_line' id='line_1_25' title="bbox 150 3178 541 3260; baseline 0 -17"><span class='ocrx_word' id='word_1_170' title='bbox 150 3197 230 3243; x_wconf 82' lang='lat' dir='ltr'><strong>num</strong></span> <span class='ocrx_word' id='word_1_171' title='bbox 250 3179 352 3257; x_wconf 72' lang='lat' dir='ltr'><strong>glorta</strong></span> <span class='ocrx_word' id='word_1_172' title='bbox 369 3178 541 3260; x_wconf 83' lang='lat' dir='ltr'><strong>praecellit.</strong></span> 
     </span>
    </p>

    <p class='ocr_par' dir='ltr' id='par_1_4' title="bbox 234 3269 1272 3374">
     <span class='ocr_line' id='line_1_26' title="bbox 234 3269 1272 3374; baseline 0.005 -21"><span class='ocrx_word' id='word_1_173' title='bbox 234 3269 402 3363; x_wconf 74' lang='lat' dir='ltr'><strong>Periclem</strong></span> <span class='ocrx_word' id='word_1_174' title='bbox 425 3304 551 3374; x_wconf 78' lang='lat' dir='ltr'><strong>tempus</strong></span> <span class='ocrx_word' id='word_1_175' title='bbox 577 3291 728 3359; x_wconf 78' lang='lat' dir='ltr'><strong>Vannius·</strong></span> <span class='ocrx_word' id='word_1_176' title='bbox 746 3290 859 3359; x_wconf 81' lang='lat' dir='ltr'><strong>Suavis</strong></span> <span class='ocrx_word' id='word_1_177' title='bbox 879 3314 901 3357; x_wconf 82' lang='lat' dir='ltr'><strong>a</strong></span> <span class='ocrx_word' id='word_1_178' title='bbox 918 3292 1028 3357; x_wconf 72' lang='lat' dir='ltr'><strong>Druso</strong></span> <span class='ocrx_word' id='word_1_179' title='bbox 1046 3308 1171 3355; x_wconf 84' lang='lat' dir='ltr'><strong>caesare</strong></span> <span class='ocrx_word' id='word_1_180' title='bbox 1186 3293 1272 3358; x_wconf 60' lang='lat'><strong>122⁹</strong></span> 
     </span>
    </p>
   </div>
   <div class='ocr_carea' id='block_1_3' title="bbox 148 3403 1271 4177">
    <p class='ocr_par' dir='ltr' id='par_1_5' title="bbox 148 3403 1271 4177">
     <span class='ocr_line' id='line_1_27' title="bbox 148 3403 1190 3491; baseline 0.001 -24"><span class='ocrx_word' id='word_1_181' title='bbox 148 3403 315 3488; x_wconf 86' lang='lat' dir='ltr'><strong>impositus</strong></span> <span class='ocrx_word' id='word_1_182' title='bbox 342 3408 471 3490; x_wconf 88' lang='lat' dir='ltr'><strong>pellitur</strong></span> <span class='ocrx_word' id='word_1_183' title='bbox 498 3408 909 3491; x_wconf 56' lang='lat' dir='ltr'><strong>regno,.prims-imps1·ii</strong></span> <span class='ocrx_word' id='word_1_184' title='bbox 939 3419 1040 3472; x_wconf 83' lang='lat' dir='ltr'><strong>aetate</strong></span> <span class='ocrx_word' id='word_1_185' title='bbox 1071 3408 1190 3469; x_wconf 77' lang='lat' dir='ltr'><strong>clarus</strong></span> 
     </span>
     <span class='ocr_line' id='line_1_28' title="bbox 150 3520 1271 3604; baseline -0.002 -20"><span class='ocrx_word' id='word_1_186' title='bbox 150 3533 357 3604; x_wconf 77' lang='lat' dir='ltr'><strong>acceptusque</strong></span> <span class='ocrx_word' id='word_1_187' title='bbox 378 3522 693 3604; x_wconf 79' lang='lat' dir='ltr'><strong>popularibus,·mox</strong></span> <span class='ocrx_word' id='word_1_188' title='bbox 714 3520 917 3589; x_wconf 78' lang='lat' dir='ltr'><strong>diuturnitate</strong></span> <span class='ocrx_word' id='word_1_189' title='bbox 936 3524 971 3585; x_wconf 86' lang='lat' dir='ltr'><strong>in</strong></span> <span class='ocrx_word' id='word_1_190' title='bbox 993 3521 1174 3601; x_wconf 77' lang='lat' dir='ltr'><strong>superbiam</strong></span> <span class='ocrx_word' id='word_1_191' title='bbox 1268 3534 1271 3543; x_wconf 93' lang='grc'><strong>’</strong></span> 
     </span>
     <span class='ocr_line' id='line_1_29' title="bbox 149 3631 1179 3712; baseline 0 -15"><span class='ocrx_word' id='word_1_192' title='bbox 149 3646 291 3712; x_wconf 85' lang='lat' dir='ltr'><strong>mutans,</strong></span> <span class='ocrx_word' id='word_1_193' title='bbox 322 3634 450 3699; x_wconf 60' lang='lat' dir='ltr'><strong>et‘odio</strong></span> <span class='ocrx_word' id='word_1_194' title='bbox 469 3638 665 3712; x_wconf 80' lang='lat' dir='ltr'><strong>accolarum,</strong></span> <span class='ocrx_word' id='word_1_195' title='bbox 695 3637 791 3699; x_wconf 85' lang='lat' dir='ltr'><strong>simul</strong></span> <span class='ocrx_word' id='word_1_196' title='bbox 811 3633 988 3703; x_wconf 83' lang='lat' dir='ltr'><strong>domesticis</strong></span> <span class='ocrx_word' id='word_1_197' title='bbox 1010 3631 1179 3697; x_wconf 84' lang='lat' dir='ltr'><strong>discordiis</strong></span> 
     </span>
     <span class='ocr_line' id='line_1_30' title="bbox 151 3745 1191 3821; baseline 0.003 -13"><span class='ocrx_word' id='word_1_198' title='bbox 151 3745 394 3815; x_wconf 78' lang='lat' dir='ltr'><strong>circumventus.</strong></span> <span class='ocrx_word' id='word_1_199' title='bbox 433 3749 595 3821; x_wconf 71' lang='lat' dir='ltr'><strong>ductores·</strong></span> <span class='ocrx_word' id='word_1_200' title='bbox 610 3749 701 3812; x_wconf 88' lang='lat' dir='ltr'><strong>fuero</strong></span> <span class='ocrx_word' id='word_1_201' title='bbox 721 3748 858 3819; x_wconf 76' lang='lat' dir='ltr'><strong>Vibilius</strong></span> <span class='ocrx_word' id='word_1_202' title='bbox 874 3745 1174 3815; x_wconf 77' lang='lat' dir='ltr'><strong>Hermundurorum</strong></span> <span class='ocrx_word' id='word_1_203' title='bbox 1189 3800 1191 3811; x_wconf 78' lang='grc'>,</span> 
     </span>
     <span class='ocr_line' id='line_1_31' title="bbox 151 3858 1173 3945; baseline -0.001 -22"><span class='ocrx_word' id='word_1_204' title='bbox 151 3882 227 3940; x_wconf 84' lang='lat' dir='ltr'><strong>rex,</strong></span> <span class='ocrx_word' id='word_1_205' title='bbox 260 3875 292 3925; x_wconf 88' lang='lat' dir='ltr'><strong>et</strong></span> <span class='ocrx_word' id='word_1_206' title='bbox 317 3863 442 3945; x_wconf 80' lang='lat' dir='ltr'><strong>Vangio</strong></span> <span class='ocrx_word' id='word_1_207' title='bbox 472 3886 508 3927; x_wconf 90' lang='lat' dir='ltr'><strong>ac</strong></span> <span class='ocrx_word' id='word_1_208' title='bbox 536 3863 632 3942; x_wconf 86' lang='lat' dir='ltr'><strong>Sido,</strong></span> <span class='ocrx_word' id='word_1_209' title='bbox 665 3882 775 3927; x_wconf 88' lang='lat' dir='ltr'><strong>sorore</strong></span> <span class='ocrx_word' id='word_1_210' title='bbox 802 3862 921 3931; x_wconf 81' lang='lat' dir='ltr'><strong>Vannii</strong></span> <span class='ocrx_word' id='word_1_211' title='bbox 948 3860 1056 3942; x_wconf 71' lang='lat' dir='ltr'><strong>geniti·</strong></span> <span class='ocrx_word' id='word_1_212' title='bbox 1105 3858 1173 3923; x_wconf 81' lang='lat' dir='ltr'><strong>Nec</strong></span> 
     </span>
     <span class='ocr_line' id='line_1_32' title="bbox 152 3971 1187 4067; baseline 0.003 -32"><span class='ocrx_word' id='word_1_213' title='bbox 152 3971 302 4040; x_wconf 87' lang='lat' dir='ltr'><strong>Claudius</strong></span> <span class='ocrx_word' id='word_1_214' title='bbox 324 3998 506 4062; x_wconf 80' lang='lat' dir='ltr'><strong>quanquam</strong></span> <span class='ocrx_word' id='word_1_215' title='bbox 534 3998 627 4062; x_wconf 82' lang='lat' dir='ltr'><strong>saepo</strong></span> <span class='ocrx_word' id='word_1_216' title='bbox 648 3990 756 4043; x_wconf 87' lang='lat' dir='ltr'><strong>oratus</strong></span> <span class='ocrx_word' id='word_1_217' title='bbox 781 3999 867 4042; x_wconf 86' lang='lat' dir='ltr'><strong>arma</strong></span> <span class='ocrx_word' id='word_1_218' title='bbox 888 3977 1078 4041; x_wconf 77' lang='lat' dir='ltr'><strong>certantibus</strong></span> <span class='ocrx_word' id='word_1_219' title='bbox 1100 3977 1187 4067; x_wconf 82' lang='lat' dir='ltr'><strong>bar·¹</strong></span> 
     </span>
     <span class='ocr_line' id='line_1_33' title="bbox 151 4091 1175 4177; baseline 0.003 -25"><span class='ocrx_word' id='word_1_220' title='bbox 151 4091 236 4154; x_wconf 87' lang='lat' dir='ltr'><strong>baris</strong></span> <span class='ocrx_word' id='word_1_221' title='bbox 265 4093 471 4175; x_wconf 83' lang='lat' dir='ltr'><strong>interposuit,</strong></span> <span class='ocrx_word' id='word_1_222' title='bbox 500 4105 602 4161; x_wconf 90' lang='lat' dir='ltr'><strong>tutum</strong></span> <span class='ocrx_word' id='word_1_223' title='bbox 624 4094 753 4160; x_wconf 88' lang='lat' dir='ltr'><strong>Vannio</strong></span> <span class='ocrx_word' id='word_1_224' title='bbox 781 4094 959 4177; x_wconf 79' lang='lat' dir='ltr'><strong>perfugium</strong></span> <span class='ocrx_word' id='word_1_225' title='bbox 981 4092 1175 4176; x_wconf 83' lang='lat' dir='ltr'><strong>promittens,</strong></span> 
     </span>
    </p>
   </div>
   <div class='ocr_carea' id='block_1_4' title="bbox 0 0 1495 4775">
    <p class='ocr_par' dir='ltr' id='par_1_6' title="bbox 0 0 1495 4775">
     <span class='ocr_line' id='line_1_34' title="bbox 0 0 1495 4775; baseline 0 0"><span class='ocrx_word' id='word_1_226' title='bbox 0 0 1495 4775; x_wconf 95' lang='lat' dir='ltr'><strong> </strong></span> 
     </span>
    </p>
   </div>
  </div>
 </body>
</html>
