2950 4775
487 409 550 479 EX
575 409 811 482 HISTORIIS
1115 419 1177 484 tidv

136 584 284 667 gionibus
308 583 403 648 situm
428 583 484 648 rix
511 585 654 671 quinque
675 586 773 651 millia
799 598 991 651 armatorum
1012 608 1163 663 romano·⁴

135 719 211 760 rum
242 700 420 760 tuebantur.
473 696 529 761 sed
557 701 694 767 lixarum
729 698 897 765 multitudo
926 703 1051 764 turbata
1080 723 1157 785 pace

135 814 201 876 illic
223 825 406 894 congregata
427 825 457 875 et
478 815 562 878 bello
583 814 726 878 ministra
747 811 864 878 aderat.

221 929 299 990 Pars
327 940 499 990 castrorum
526 927 562 988 in
587 928 698 990 collem
724 926 837 990 leniter
867 947 1055 1010 exsurgens,
1082 950 1156 1011 pars
1169 935 1239 1001 4,.23

136 1063 240 1125 aequo
269 1039 425 1105 adibatur.
466 1039 584 1123 quippe
611 1041 673 1103 illis
702 1040 843 1106 hibernis
873 1041 1010 1104 obsideri
1039 1042 1155 1124 premi·

137 1179 200 1241 que
223 1157 404 1219 Germanias
425 1155 584 1236 Augustus
611 1154 801 1234 crediderat,
834 1177 940 1241 neque
960 1174 1100 1239 unquam
1120 1155 1155 1218 id

135 1273 309 1348 malorum,
341 1283 376 1334 ut
403 1283 618 1354 oppugnatum
646 1275 730 1336 iutro
746 1271 890 1352 ‘legiones
915 1283 1038 1335 nostras
1065 1271 1153 1336 veni·

136 1396 218 1448 rent.
258 1381 332 1445 inde
354 1404 418 1446 non
445 1384 516 1448 loco
542 1405 646 1468 neque
666 1383 868 1448 munimentis
893 1386 984 1448 labor
1011 1383 1151 1449 additus:

136 1498 184 1593 ris
213 1511 243 1560 et
268 1520 355 1561 arma
382 1499 455 1563 satis
483 1502 656 1583 placebant.
706 1500 819 1567 Batavi
846 1501 1153 1584 Transrhenanique,
1200 1477 1206 1483 ,-

136 1634 203 1696 quo
226 1610 358 1687 discreta
378 1616 478 1680 virtus
502 1616 698 1680 manifestius
725 1627 936 1700 spectaretur,
966 1616 1027 1679 sibi
1054 1636 1150 1699 quae·

137 1748 199 1810 que
219 1748 294 1809 gens
316 1730 507 1806 consistunt,
528 1729 651 1792 eminus
670 1730 865 1793 lacessentes.
908 1731 984 1792 Post
1007 1729 1063 1791 ubi
1082 1730 1150 1811 ple·

134 1861 234 1924 raque
262 1843 397 1905 telorum
425 1842 564 1906 turribus
589 1843 757 1927 pinnisque
780 1843 942 1909 moenium
962 1844 1053 1907 irrita
1076 1844 1151 1905 hae·

134 1956 250 2017 rebant
275 1966 306 2017 et
333 1953 468 2039 desuper
491 1955 576 2019 saxis
604 1958 868 2037 verberabantur,
899 1959 1034 2021 clamore
1056 1968 1150 2039 atque

135 2069 256 2152 impetu
281 2070 423 2134 invasere
450 2075 588 2152 vallum,
617 2073 769 2156 appositis
794 2074 938 2157 plerique
963 2072 1070 2149 scalis,
1097 2069 1151 2134 alii

134 2205 194 2266 per
225 2184 410 2248 testudinem
443 2206 586 2250 suorum.
638 2185 890 2270 scandebantque
923 2191 986 2264 jam
1022 2183 1151 2269 quidam

136 2318 236 2378 quum
263 2296 374 2378 gladiis
401 2311 432 2362 et
460 2319 621 2363 armorum
646 2301 774 2363 incussu
796 2301 993 2383 praecipitati
1020 2298 1149 2362 sudibus

133 2423 167 2501 et
187 2413 259 2494 pilis
283 2416 480 2493 obruuntur,
504 2418 703 2500 praeferoces
723 2419 816 2481 initio
838 2429 867 2480 et
888 2419 984 2480 rebus
1006 2411 1150 2478 secundis

132 2528 233 2606 ninrii.
276 2527 339 2592 Sed
365 2543 432 2593 tum
460 2530 596 2614 praedae
623 2530 768 2615 cupidine
796 2530 934 2596 adversa⁴
953 2549 1081 2613 quoque
1102 2539 1150 2588 to-

132 2644 287 2721 lerabant,
307 2645 466 2707 machinas
485 2646 588 2724 etiam,
608 2647 768 2709 insolitum
791 2645 860 2725 sibi,
884 2644 963 2708 ausi.
1005 2663 1063 2705 nec
1086 2642 1150 2716 ulla

131 2758 209 2839 ipsis
229 2760 381 2822 sollertia:
401 2761 552 2842 perfugae
571 2761 747 2843 captivique
770 2758 924 2822 docebant
943 2769 1062 2818 struere
1083 2775 1151 2816 rua·

105 2946 108 2950 7
132 2874 227 2938 terias
247 2875 281 2936 in
304 2873 436 2938 modum
456 2875 580 2957 pontis,
603 2896 680 2936 mox
701 2874 847 2952 subjectis
867 2872 944 2935 rotis
963 2869 1150 2952 propellere,

132 3004 170 3055 ut
183 2993 236 3056 alii
250 3004 462 3075 superstantes
475 3005 626 3078 tanquam
640 3012 681 3055 ex
694 3011 803 3071 aggere
819 2987 1059 3071 proeliarentur,
1077 3004 1151 3065 pars

133 3103 218 3167 intus
250 3106 363 3170 occulti
389 3127 498 3171 muros
526 3108 724 3168 subruerent
780 3103 835 3166 sed
864 3121 994 3165 excussa
1021 3098 1151 3162 ballistis

133 3238 211 3281 saxa
234 3232 371 3283 stravere
392 3220 528 3283 informe
554 3242 651 3301 opus,
676 3231 707 3280 et
727 3230 826 3280 crates
847 3217 1015 3298 vineasque
1036 3233 1151 3294 paran-

133 3332 217 3394 tibus
250 3331 375 3404 adactae
405 3333 568 3395 tormentis
596 3331 742 3395 ardentes
769 3333 894 3406 hastae,
921 3331 1068 3411 ultroque
1092 3325 1153 3408 ipsi

134 3461 368 3529 oppugnatores
400 3449 524 3528 ignibus
555 3449 761 3531 petebantur,
798 3442 898 3507 donec
928 3440 1093 3524 desperata
1120 3440 1153 3503 vi

134 3575 294 3627 verterent
320 3562 489 3625 consilium
517 3561 557 3624 ad
585 3582 708 3642 moras,
737 3558 824 3623 haud
850 3556 951 3638 ignari
979 3573 1153 3638 paucorum

133 3673 258 3738 dierum
281 3676 383 3738 inesse
410 3675 557 3737 alimenta
578 3688 608 3737 et
636 3676 771 3735 multum
790 3672 924 3735 imbellis
946 3670 1066 3732 turbae.
1112 3668 1155 3730 si·

135 3792 203 3854 mul
232 3812 273 3853 ex
302 3790 413 3875 inopia
438 3785 578 3873 proditio
609 3800 638 3852 et
666 3785 754 3850 fluxa
784 3785 982 3851 servitiorum
1011 3781 1088 3844 fides
1118 3801 1153 3843 ac

134 3905 264 3969 fortuita
284 3908 361 3969 belli
381 3908 599 3989 sperabantur.

221 4020 352 4083 Flaccus
372 4020 497 4082 interim
520 4017 643 4100 cognito
665 4028 839 4079 castrorum
862 4009 984 4076 obsidio
1006 4022 1036 4073 et
1055 4007 1237 4089 utissis4‚24

136 4151 196 4209 per
219 4129 354 4209 Gallias,
385 4131 440 4213 qui
468 4128 584 4193 auxilia
614 4126 790 4203 concirent,
822 4125 916 4186 lectos
940 4143 956 4183 e
981 4116 1155 4199 legionibus
