2950 4775
574 381 808 453 ouutttult
1177 392 1199 455 9

183 571 211 621 et
232 556 443 623 infirmissimo
464 558 578 643 cuique
600 581 640 622 ex
661 561 789 624 familia.
831 561 896 644 ipsi
913 563 1031 626 hebent
1050 563 1131 626 mira
1151 561 1200 625 di·

181 677 327 741 versitate
346 689 494 753 naturae,
523 698 622 759 quum
639 677 734 740 iidem
755 677 897 743 homines
924 681 968 743 sic
989 694 1093 743 ament
1115 682 1200 743 iner-

182 795 256 854 tiam
285 806 317 856 et
344 790 468 855 oderint
499 794 647 876 quietem.
694 794 767 856 Mos
789 808 836 856 est
857 796 1034 859 civitatibus
1057 800 1140 860 ultro
1164 818 1200 859 ae

182 910 298 973 viritim
319 910 463 973 conferre
482 910 675 992 principibus
693 913 745 974 vel
757 888 977 976 armentorum
995 916 1047 977 vel
1064 915 1200 994 frugum,

183 1023 269 1108 quod
283 1046 343 1106 pro
359 1024 481 1087 honore
501 1039 660 1108 acceptum
680 1027 772 1089 etiam
788 1029 1022 1091 necessitatibus
1043 1031 1201 1094 subvenit.

182 1138 317 1220 gaudent
335 1142 502 1223 praecipue
522 1141 724 1206 finitimarum
744 1144 881 1223 gentium
904 1143 1009 1222 donis,
1030 1165 1112 1227 qnae
1133 1165 1199 1206 non

181 1253 276 1317 modo
307 1277 325 1317 a
355 1256 500 1335 singulis,
535 1255 590 1318 sed
620 1258 745 1338 publice
776 1257 959 1333 mittuntur,
993 1259 1083 1319 electi
1113 1259 1200 1342 equi,

182 1390 294 1449 magna
321 1391 424 1447 orma,
458 1370 604 1451 phalerae
633 1383 835 1454 torquesque.
877 1371 945 1431 Jarn
977 1383 1007 1432 et
1034 1371 1200 1453 pecuniam

181 1485 322 1567 accipere
343 1482 518 1546 docuimus.

261 1597 372 1659 Nullas
391 1596 621 1660 Germanorum
639 1596 765 1677 populis
784 1598 878 1660 urbes
898 1597 1032 1659 habitari
1050 1596 1123 1659 satis
1141 1619 1200 1660 no·
1216 1607 1251 1658 lo

182 1725 249 1774 tum
269 1724 332 1791 est3
354 1731 394 1771 ne
415 1710 481 1791 pati
503 1709 629 1793 quidem
650 1711 734 1771 inter
754 1732 788 1773 se
808 1715 929 1788 junctas
951 1711 1050 1774 sedes.
1093 1693 1201 1774 colunt
1298 1724 1300 1728 '

182 1827 305 1890 discreti
324 1848 359 1888 ac
380 1823 504 1902 diversi,
525 1837 559 1887 ut
575 1825 656 1902 fons,
677 1838 712 1887 ut
734 1847 869 1909 campus,
891 1837 926 1887 nt
947 1847 1056 1890 nemus
1071 1828 1200 1909 placuit.

181 1942 278 2004 Visos
306 1944 429 2011 locant,
458 1959 524 2001 non
551 1939 585 2001 in
614 1935 760 2004 nostrum
778 1961 900 2003 morem
922 1942 1072 2003 connexis
1094 1954 1126 2002 et
1147 1961 1200 2003 co·

180 2054 382 2116 haerentibus
410 2052 571 2118 aedificiis:
601 2075 689 2116 stram
713 2056 847 2138 quisque
868 2055 996 2119 domum
1017 2055 1117 2136 spatio
1140 2055 1201 2116 cir·

181 2170 315 2246 cumdat,
341 2171 406 2232 sive
429 2168 577 2231 adversus
599 2190 688 2232 casus
708 2168 789 2249 ignis
809 2167 992 2245 remedium,
1021 2170 1085 2230 sive
1107 2167 1201 2229 insci·

92 2290 96 2296 '
180 2283 223 2344 tia
242 2282 434 2346 aedificandi.
473 2282 522 2346 Ne
545 2296 776 2346 caementorum
798 2282 926 2366 quidem
947 2282 1031 2364 apud
1053 2284 1124 2344 illos
1147 2295 1201 2343 aut

181 2402 355 2479 tegularum
377 2420 470 2462 usus:
500 2399 629 2461 materia
658 2398 697 2460 ad
725 2401 832 2462 omnia
859 2411 991 2461 utuntur
1015 2395 1144 2459 informi
1170 2408 1201 2458 et

182 2516 258 2579 citra
280 2519 414 2598 speciem
439 2529 492 2579 aut
515 2516 760 2579 delectationem.
802 2514 957 2598 quaedam
980 2516 1051 2576 loca
1071 2512 1202 2594 diligen-

181 2630 243 2693 tius
266 2632 393 2693 illinunt
413 2644 499 2695 terra
519 2634 562 2694 ita
585 2654 667 2716 pura
688 2655 723 2696 ac
751 2630 952 2714 splendente,
984 2643 1019 2692 ut
1046 2630 1199 2711 picturam
1246 2609 1253 2621 ’

182 2766 216 2807 ae
233 2745 422 2808 lineamenta
442 2748 584 2810 colorum
603 2747 753 2808 imitetur.
796 2745 908 2809 Solent
928 2757 960 2808 et
980 2748 1201 2808 subterraneos

180 2882 291 2943 specus
312 2861 434 2943 aperire
457 2883 573 2946 eosque
596 2865 696 2925 multo
717 2863 848 2944 insuper
868 2861 942 2924 fimo
964 2872 1112 2938 onerant,
1134 2861 1201 2923 suf·

181 2979 303 3060 fugium
327 2979 425 3040 hiemi
453 2990 484 3040 et
510 2980 743 3060 receptaculum
770 2979 929 3058 frugibus:
961 2978 1037 3059 quia
1063 2976 1201 3056 rigorem

182 3093 334 3173 frigorum
363 3090 515 3168 ejusmodi
542 3093 619 3154 locis
648 3093 811 3167 molliunt,
843 3102 873 3152 et
897 3090 924 3152 si
948 3088 1075 3174 quando
1102 3088 1202 3152 hostis

181 3207 323 3288 advenit,
353 3221 461 3289 aperta
481 3210 669 3290 populatur,
697 3207 802 3270 abdita
826 3220 931 3270 autem
952 3219 983 3269 et
1004 3206 1127 3270 defossa
1149 3217 1202 3270 aut

180 3323 365 3404 ignorantur
385 3334 440 3383 aut
459 3342 497 3384 eo
516 3322 586 3402 ipso
607 3323 721 3384 fallunt
742 3320 829 3407 quod
850 3319 1031 3405 quaerenda
1054 3334 1138 3384 sunt.

263 3437 425 3517 Tegumen
447 3440 593 3502 omnibns
621 3460 744 3520 sogum,
768 3441 865 3502 fibula
887 3451 941 3502 aut
962 3438 990 3500 si
1011 3437 1090 3501 desit
1110 3439 1201 3519 spina
1215 3462 1251 3512 lt

180 3563 377 3630 consertum3
406 3564 507 3615 cetera
534 3552 641 3616 intecti
661 3566 745 3616 totos
767 3552 831 3616 dies
858 3558 948 3631 juxta
974 3553 1079 3615 focum
1105 3563 1200 3633 atque

178 3665 282 3743 ignem
312 3678 418 3746 agunt.
470 3664 722 3747 Locupletissimi
753 3680 837 3730 veste
871 3665 1103 3745 distinguuntur
1133 3684 1200 3726 non

179 3779 333 3856 fluitante,
359 3782 438 3844 sicut
459 3780 620 3845 Sarmatae
642 3804 678 3844 sc
699 3784 816 3859 Parthi,
839 3780 895 3843 sed
915 3781 1021 3844 stricta
1042 3793 1072 3842 et
1093 3779 1199 3858 singu-

179 3895 228 3957 los
251 3909 337 3958 artus
358 3896 565 3988 exprimente.
608 3897 730 3959 Gerunt
751 3909 781 3958 et
803 3899 941 3958 ferarum
963 3894 1070 3975 pelles,
1091 3893 1200 3973 proxi-

181 4012 225 4072 mi
248 4012 335 4093 ripae
363 4011 569 4093 negligenter,
599 4013 766 4075 ulteriores
793 4010 996 4093 exquisitius,
1027 4019 1063 4070 ut
1084 4009 1199 4090 quibus

183 4124 287 4186 nullos
308 4146 366 4206 per
387 4126 573 4190 commercia
594 4128 705 4189 cultus.
748 4126 865 4206 eligunt
885 4126 983 4200 feras,
1010 4134 1041 4185 et
1063 4121 1198 4184 detracta
