2950 4775
310 309 354 375 88
657 308 719 377 EX
743 305 977 380 HISTORIIS
1044 313 1048 319 ⁴

313 500 412 564 quum
435 502 494 564 per
514 479 594 544 vada
612 479 779 560 haesisset,
804 480 955 545 Germani
973 482 1008 544 ia
1031 500 1121 545 suam
1142 478 1245 564 ripam
1265 490 1338 542 tra·

313 594 441 658 bebant.
483 592 558 658 Non
586 593 657 656 tulit
685 594 796 658 Gallus
813 596 968 680 misitque
996 593 1136 658 subsidio
1157 595 1339 660 cohortem.

315 720 424 771 auctus
445 720 477 770 et
498 707 729 773 Germanorum
750 727 911 790 numerus,
931 707 1144 791 paulatimque
1166 727 1339 788 aggregan-

315 822 399 885 tibus
428 843 462 885 se
492 823 617 886 auxiliis
648 825 712 887 acie
743 835 904 888 certatum.
955 822 1105 885 Germani
1133 824 1233 884 multa
1261 841 1339 884 cum

316 947 417 1016 strage
437 947 620 999 nostrorum
641 957 755 1001 navem
777 935 942 1018 arripiunt.
981 935 1072 1016 vieti,
1102 933 1188 1018 quod
1209 948 1277 997 tum
1297 935 1338 996 in

315 1073 436 1116 morem
459 1064 611 1132 verterat,
643 1073 709 1117 non
736 1075 826 1117 suam
849 1053 1004 1134 ignaviam
1026 1050 1081 1119 sed
1103 1052 1266 1136 perfidiam
1286 1055 1338 1114 le·

315 1170 379 1250 gati
397 1171 576 1251 culpabant.
616 1172 813 1235 Protractum
833 1192 849 1233 e
869 1169 1016 1248 tentorio,
1038 1170 1242 1249 scissemus,
1261 1188 1338 1233 rer-

315 1287 426 1349 berato
447 1305 598 1368 corpore,
626 1305 691 1369 quo
711 1287 832 1369 pretio,
859 1287 972 1370 quibua
994 1285 1125 1348 consciis
1145 1282 1338 1367 prodidisset

317 1399 489 1462 exercitum
510 1397 612 1463 dicere
633 1402 755 1478 jubent
795 1398 889 1462 Redit
909 1400 943 1463 in
964 1397 1183 1463 Hordeonium
1205 1396 1339 1462 invidia.

315 1514 407 1578 illum
429 1527 589 1580 auctorem
611 1515 754 1592 sceleris,
774 1518 860 1579 hunc
881 1515 1059 1578 ministrum
1079 1528 1209 1591 vocant,
1234 1511 1338 1576 donec

318 1631 449 1695 exitium
469 1631 685 1694 minitantrbus
706 1631 875 1693 exterritus
892 1628 1103 1712 proditionem
1122 1642 1152 1692 et
1169 1630 1236 1711 ipse
1250 1628 1340 1690 Hor·

318 1742 432 1807 deonio
456 1747 580 1824 objecit,
604 1746 791 1832 vinctusque
813 1743 950 1811 adventu
971 1743 1097 1808 demum
1116 1745 1257 1808 Voculae
1280 1764 1340 1807 ex·

318 1859 460 1927 solvitur.
502 1860 678 1942 ispostera
700 1860 752 1926 die
779 1874 922 1926 auctores
948 1857 1110 1925 seditionis
1131 1873 1233 1925 morte
1258 1863 1341 1926 affe·

320 1974 370 2037 cit.
419 1975 521 2039 Tanta
540 1973 589 2037 illi
612 1976 765 2041 exercitui
793 1976 957 2043 diversitas
983 1978 1088 2042 inerat
1111 1978 1254 2042 licentiae
1280 1999 1341 2060 pa-

319 2090 520 2174 tientiaeque.
562 2091 650 2156 haud
676 2091 771 2156 dubie
797 2092 955 2174 gregarius
980 2090 1070 2155 miles
1090 2091 1220 2156 Vitellio
1246 2090 1341 2170 fidus,

319 2201 586 2284 splendidissimus
616 2207 751 2290 quisque
782 2205 817 2268 in
846 2206 1077 2289 Vespasianum
1103 2207 1210 2288 proni.
1264 2204 1343 2268 inde

320 2316 472 2381 scelerum
494 2339 530 2381 ac
551 2317 777 2400 suppliciorum
799 2318 882 2384 vices
905 2330 937 2383 et
962 2318 1077 2381 mixtus
1106 2318 1258 2404 obsequio
1286 2318 1341 2380 fu·

318 2450 384 2510 ror,
407 2443 442 2494 ut
463 2431 619 2495 contineri
639 2454 706 2497 non
727 2444 857 2514 possent
878 2432 935 2517 qui
954 2432 1062 2516 puniri
1083 2444 1238 2514 poterant.

235 2550 307 2615 ΜΒ
403 2546 445 2609 As
474 2542 605 2612 Civilem
634 2545 793 2608 immensis
824 2545 965 2608 auctibus
995 2547 1142 2609 universa
1171 2541 1344 2607 Germania

321 2658 491 2720 extollebat
518 2659 663 2723 societate
690 2658 892 2721 nobilissimis
924 2658 1071 2722 obsidum
1098 2658 1230 2723 firmata.
1271 2659 1344 2737 llle,

321 2782 357 2834 ut
376 2773 489 2858 cuique
509 2775 699 2856 proximum,
722 2773 838 2839 vastari
857 2773 958 2839 Ubios
979 2777 1202 2858 Treverosque
1226 2785 1256 2836 et
1278 2774 1342 2835 alia

321 2906 418 2948 manu
446 2888 571 2951 Mosam
600 2910 724 2951 amnem
750 2890 884 2953 transire
915 2892 1021 2970 jubet,
1052 2903 1087 2954 ut
1115 2890 1281 2971 Menapios
1309 2901 1346 2952 et

321 2999 468 3064 Morinos
489 3014 518 3066 et
539 3015 679 3066 extrema
705 3002 879 3067 Galliarum
907 3015 1061 3088 quateret.
1111 3017 1196 3068 actae
1218 3001 1345 3068 utrobi-

321 3136 385 3199 que
405 3114 559 3198 praedae,
587 3117 730 3184 infestius
753 3119 787 3182 in
807 3118 916 3199 Ubiis,
939 3117 1025 3205 quod
1050 3138 1126 3198 gens
1148 3117 1344 3200 germanicae
1412 3145 1415 3149 ⁴

323 3230 452 3310 originis
474 3234 592 3309 ejurata
614 3231 725 3314 patria,
747 3232 964 3296 Romanorum
985 3232 1112 3295 nomine
1131 3230 1345 3313 Agrippinen-

323 3362 373 3405 ses
393 3356 592 3411 vocarentur.
635 3342 752 3408 Caesae
772 3346 916 3409 cohortes
938 3364 1049 3408 eorum
1069 3343 1103 3406 in
1124 3344 1194 3407 vico
1215 3342 1345 3406 Marco-

325 3457 406 3523 duro
429 3460 618 3526 incuriosius
647 3473 789 3541 agentes,
822 3459 898 3545 quia
924 3463 1037 3545 procul
1061 3462 1173 3525 Rheno
1203 3460 1347 3520 aberant.

324 3573 391 3638 Nee
413 3577 560 3659 quievere
587 3575 664 3640 Ubii
688 3596 753 3661 quo
778 3576 883 3642 minus
904 3574 1037 3660 praedas
1059 3597 1076 3638 e
1100 3573 1268 3637 Germania
1287 3592 1347 3653 pe·

325 3701 436 3766 terent,
456 3691 559 3772 primo
583 3690 722 3772 impune,
743 3689 817 3756 dein
839 3688 1043 3756 circumventi
1063 3701 1145 3767 sunt,
1170 3706 1228 3771 per
1250 3705 1347 3749 omne

324 3801 359 3865 id
390 3805 508 3867 bellum
538 3806 668 3868 meliore
700 3805 751 3870 usi
779 3803 839 3866 fide
873 3826 968 3887 quam
999 3805 1138 3866 fortuna.
1196 3798 1348 3863 Contueis

324 3913 417 3978 Ubiis
445 3917 572 3997 gravitu
601 3933 631 3981 et
659 3940 805 3983 successu
828 3941 935 3983 rerum
965 3918 1102 3982 ferocior
1123 3915 1232 3980 Civilis
1260 3914 1349 3978 obsi-

327 4028 413 4092 dium
432 4031 591 4111 legionum
620 4036 766 4113 urgebat,
794 4032 923 4099 intentis
944 4031 1110 4111 custodiis,
1138 4053 1178 4094 ne
1201 4030 1271 4113 quis
1293 4049 1350 4091 oc·
