2950 4775
332 370 395 438 110
681 327 1002 432 uxnrsronus

331 543 513 610 vellentium
540 560 606 602 non
630 553 744 621 potest.
787 537 842 602 sed
864 538 953 604 vobis
980 536 1153 601 maximum
1174 536 1357 615 discrimen,

256 649 260 655 ’
330 679 427 741 penes
449 675 528 740 quos
549 676 662 717 aurum
682 667 712 717 et
734 675 820 737 opes,
841 654 1027 737 praecipuae
1051 655 1206 717 bellorum
1228 673 1356 716 causae.

331 769 465 852 proinde
487 790 595 852 pacem
619 782 650 831 et
670 772 793 849 urbem,
818 793 913 854 quam
932 771 1006 835 victi
1027 769 1222 853 victoresque
1240 768 1356 832 eodem

329 890 399 964 jure
422 882 614 960 obtinemus,
645 896 763 961 amate,
797 886 898 947 colite.
940 895 1090 947 moneant
1109 903 1166 946 vos
1186 882 1356 967 utriusque

330 998 477 1060 fortunae
494 995 691 1075 documenta,
712 1018 754 1059 ne
770 998 994 1061 contumaciam
1014 978 1087 1060 cum
1101 997 1238 1079 pernicie
1257 1019 1356 1082 quam

332 1114 520 1198 obsequium
548 1134 620 1174 cum
648 1114 812 1177 securitate
838 1113 971 1176 malitis.’
1020 1111 1092 1177 Tali
1118 1113 1259 1176 oratione
1279 1135 1356 1194 gra·

332 1228 423 1291 viora
444 1237 615 1289 metuentes
636 1228 812 1308 composuit
832 1227 1004 1310 erexitque.
1060 1244 1063 1249 ·

248 1348 319 1410 4,Ίὸ
344 1406 346 1409 ,
417 1342 622 1403 Tenebantur
645 1341 763 1404 victore
787 1342 926 1403 exercitu
946 1338 1093 1416 Treveri,
1122 1359 1220 1422 quum
1244 1337 1356 1405 civilis

335 1473 366 1523 et
387 1459 540 1522 Classicus
561 1459 672 1519 misere
692 1445 733 1519 ad
755 1457 908 1519 Cerialem
930 1458 1092 1539 epistolas,
1121 1476 1255 1538 quarum
1274 1456 1356 1516 haec

266 1588 268 1591 '
334 1575 485 1637 sententia
507 1573 583 1633 suit:
618 1571 865 1653 Vespasianum,
894 1589 1075 1653 quanquam
1096 1568 1223 1631 nuntios
1247 1568 1358 1632 occul·

332 1699 443 1762 tarent,
465 1688 631 1748 excessisse
652 1690 726 1764 vita,
747 1689 859 1749 urbem
877 1700 969 1770 atque
988 1686 1109 1747 Italiam
1127 1686 1251 1746 interno
1268 1686 1358 1746 bello

334 1813 559 1881 consumptam,
581 1798 723 1859 Muciani
744 1820 779 1860 ac
800 1798 975 1861 Domitiani
995 1820 1075 1862 vana
1095 1810 1126 1860 et
1146 1798 1213 1860 sine
1232 1798 1358 1862 viribus

334 1918 474 1980 nomina.
525 1916 553 1978 si
583 1913 713 1977 Cerialis
743 1915 913 1999 imperium
941 1915 1115 1979 Galliarum
1145 1915 1235 1993 velit,
1264 1916 1357 1996 ipsos

333 2029 448 2094 finibus
471 2033 628 2094 civitatum
652 2050 780 2093 suarum
804 2047 984 2096 contentos:
1013 2035 1040 2096 si
1064 2032 1220 2115 proelium
1239 2032 1358 2109 mallet,

334 2167 375 2206 ne
405 2144 439 2206 id
468 2142 596 2229 quidem
625 2146 775 2207 abnuere.
816 2145 866 2206 Ad
889 2167 924 2209 ea
948 2146 1076 2210 Cerialis
1099 2145 1191 2209 Civili
1213 2158 1244 2208 et
1266 2145 1359 2207 Clas·

334 2262 399 2324 sico
423 2261 520 2323 nihil:
551 2281 623 2321 eum
646 2261 703 2341 qui
726 2262 887 2340 attulerat,
909 2262 992 2344 ipsas
1015 2263 1160 2344 epistolas
1183 2260 1221 2324 ad
1239 2260 1360 2324 Domi-

333 2378 453 2438 tianum
475 2374 567 2452 misit.
614 2374 728 2437 Hostes
758 2373 864 2439 divisis
896 2376 992 2457 copiis
1022 2375 1175 2440 advenere
1203 2374 1361 2459 undique.

334 2493 477 2576 plerique
498 2492 841 2573 culpabant·Cerialcm
863 2513 990 2574 passum
1009 2494 1114 2573 jungi,
1136 2515 1216 2577 quos
1238 2493 1360 2557 discre-

334 2622 384 2671 tos
402 2608 588 2688 intercipere
606 2608 752 2671 licuisset.
795 2609 956 2671 Romanus
976 2611 1129 2672 exercitus
1151 2623 1251 2672 castra
1270 2610 1362 2671 fossa

335 2726 481 2806 valloque
504 2718 717 2806 circumdedit,
738 2721 809 2804 quis
830 2736 947 2783 temere
967 2737 1057 2785 antea
1077 2723 1185 2785 intutis
1205 2721 1361 2786 consede·

335 2849 393 2899 rat.
435 2833 530 2918 Apud
553 2835 726 2898 Germanos
751 2834 880 2901 diversis
904 2838 1064 2902 sententiis
1087 2840 1272 2901 certabatur.

251 2965 278 3027 4,
288 2964 322 3013 ts
351 2981 354 2986 <
421 2950 528 3014 Civilis
551 2950 758 3033 opperiendas
780 2953 1095 3016 Transrhenanorum
1124 2950 1246 3034 gentes,
1276 2972 1361 3035 qua·

173 3049 176 3058 ’
334 3087 408 3129 rum
435 3078 555 3128 terrore
586 3067 700 3129 lractae
729 3070 841 3149 populi
868 3069 992 3131 romani
1021 3069 1104 3133 vires
1127 3071 1362 3132 obtererentur.

336 3182 443 3245 Gallos
465 3180 542 3265 quid
565 3181 649 3244 aliud
672 3205 768 3267 quam
791 3183 941 3266 praedam
961 3183 1155 3249 victoribus?
1190 3200 1221 3249 et
1240 3200 1360 3262 tamen,

335 3293 421 3376 quod
451 3295 575 3357 roboris
605 3295 653 3373 sit,
683 3296 793 3376 Belgas
823 3317 928 3359 seeum
954 3300 1059 3380 palam
1089 3313 1240 3365 auvvoto
1259 3313 1362 3361 stare.

335 3409 438 3469 Tutor
472 3408 668 3470 cunctatione
707 3430 845 3471 crescere
879 3431 947 3471 rem
982 3432 1145 3475 romanam
1181 3411 1363 3475 affirmabat

337 3522 521 3585 coeuntibus
550 3520 690 3603 undique
723 3522 920 3584 exercitibus.
961 3538 1167 3590 transvectam
1188 3547 1205 3586 e
1229 3524 1363 3586 Britan-

336 3636 389 3696 nia
410 3636 582 3713 legionem,
599 3635 722 3697 ·accitas
749 3656 789 3698 ex
809 3638 978 3724 Hispania,
1006 3638 1173 3704 adventare
1194 3661 1235 3703 ex
1256 3641 1363 3720 Italia,

337 3769 393 3807 nec
423 3747 560 3811 subitum
593 3750 723 3812 militem
753 3752 807 3815 sed
840 3768 978 3817 veterem
1009 3770 1236 3840 expertumque
1270 3759 1363 3820 belli.

337 3883 409 3921 nam
433 3861 607 3926 Germanos
628 3867 685 3947 qui
706 3869 745 3928 ab
770 3867 845 3950 ipsis
867 3885 1032 3953 sperentur
1054 3892 1120 3936 non
1141 3874 1259 3950 juberi,
1285 3877 1364 3935 'non

336 3976 411 4055 regi,
431 3975 486 4038 sed
506 3990 616 4039 cuncta
636 4000 676 4039 ex
695 3978 826 4044 libidine
847 4005 945 4063 agere,
967 3987 1194 4068 pecuniamque
1216 4008 1250 4047 ac
1272 3984 1364 4048 dona

338 4090 408 4171 quis
429 4092 503 4153 solis
526 4106 767 4174 corrumpantur
787 4102 906 4175 majora
927 4096 1012 4178 apud
1033 4099 1211 4176 Romanos,
1241 4110 1272 4160 et
1291 4119 1362 4183 ne-
