2950 4775
309 288 372 353 118
655 284 716 354 Ex
742 281 975 352 tltst’otttls

308 481 359 523 sae
396 460 505 522 lintres
539 474 664 521 vexere.
718 457 769 521 Ne
800 466 870 522 tum
902 458 1029 545 quidem
1061 476 1194 523 romana
1224 462 1333 527 classis

308 597 431 658 pugnae
458 573 565 651 affuit,
595 584 631 637 ut
653 576 775 651 jussum
796 586 884 650 erat,
905 571 961 636 sed
989 571 1110 637 obstitit
1132 573 1271 637 formido
1298 585 1333 637 et

308 691 440 772 remiges
463 711 522 773 per
543 687 603 752 alia
624 685 751 750 militiae
774 686 883 749 munia
902 683 1046 768 dispersi.
1094 684 1178 749 Sane
1198 683 1334 751 Cerialis

309 824 422 886 parum
447 801 597 885 temporls
621 799 661 868 ad
684 798 885 885 exsequenda
908 798 1040 883 imperia
1067 797 1178 880 dabat,
1207 800 1334 865 subitus

311 918 464 996 consiliis,
496 915 550 981 sed
572 929 686 980 eventu
712 919 826 981 clarus.
866 913 976 980 aderat
1002 917 1131 979 fortuna
1157 916 1251 980 etiam
1274 917 1334 981 ubi

311 1046 393 1099 artes
414 1032 596 1096 defuissent.
638 1032 713 1095 hinc
730 1031 793 1115 ipsi
813 1029 1026 1114 exercituique
1045 1030 1150 1093 minor
1170 1051 1246 1093 cura
1267 1029 1334 1094 dis·

313 1149 455 1231 ciplinae.
514 1162 545 1209 et
576 1160 693 1230 paucos
722 1158 796 1228 post
827 1141 913 1223 dies,
945 1164 1127 1228 quanquam
1156 1144 1334 1228 periculum

313 1263 499 1347 captivitatis
521 1260 682 1340 evasisset,
704 1260 866 1325 infamiam
886 1280 953 1322 non
973 1258 1092 1325 uitauit.

228 1393 299 1458 nm
397 1378 561 1440 Profectus
582 1375 755 1441 Nouesium
775 1376 983 1457 Bonnamque
1010 1371 1050 1436 ad
1076 1369 1206 1438 menda
1230 1383 1335 1436 castra

313 1508 394 1574 quae
415 1490 598 1554 hiematuris
624 1488 801 1573 legionibus
827 1489 1028 1570 erigebantur
1051 1489 1184 1553 nauibus
1211 1507 1335 1550 remea·

313 1610 369 1671 bat
389 1606 516 1689 disjecto
537 1608 676 1691 agmine,
704 1605 871 1671 incuriosis
896 1605 1021 1688 uigiliis.
1071 1602 1335 1670 Animadversum

314 1719 347 1783 id
370 1719 552 1799 Germanis,
582 1732 614 1784 et
638 1718 768 1784 insidias
795 1740 1010 1801 composuere.
1052 1721 1149 1783 electa
1177 1739 1245 1782 nox
1266 1730 1336 1811 atra

314 1837 470 1916 nubibus,
498 1847 532 1900 et
550 1857 654 1919 prono
678 1837 875 1921 amnerapti
897 1837 987 1899 nullo
1005 1835 1194 1918 prohibente
1214 1835 1337 1899 uallum

252 1955 254 1957 ’
314 1950 437 2015 ineunt.
477 1951 580 2034 prima
602 1947 712 2014 caedes
737 1954 807 2012 astu
834 1946 957 2028 adjuta:
986 1946 1092 2012 incisis
1115 1939 1338 2011 tabernaculo-

314 2065 388 2128 ium
421 2063 552 2128 funibus
587 2061 714 2128 suismet
749 2061 896 2127 tentoriis·
924 2074 1089 2146 coopertos
1127 2059 1339 2126 trucidabant.

315 2175 402 2240 aliud
431 2198 540 2258 agmen
566 2182 695 2244 turbare
724 2177 870 2257 classem,
898 2174 1025 2256 injicere
1054 2177 1175 2256 uincla,
1208 2176 1337 2239 trabere

316 2312 449 2375 puppes.
490 2304 589 2378 utque
611 2292 650 2356 ad
671 2292 844 2357 fallendum
867 2292 1011 2372 silentio,
1036 2290 1082 2355 ita
1098 2304 1209 2375 coepta
1225 2290 1338 2369 caede,

318 2427 383 2491 quo
410 2409 484 2494 plus
512 2408 643 2472 terroris
670 2406 838 2485 adderent,
872 2419 983 2471 cuncta
1010 2407 1210 2475 clamoribus
1224 2405 1339 2470 misce·

225 2510 230 2516 ’
317 2523 404 2587 bant.
443 2522 581 2588 Romani
602 2525 787 2589 vulneribus
808 2523 900 2592 exciti
920 2535 1077 2609 quaerunt
1103 2543 1190 2587 arma
1197 2566 1207 2601 ,
1238 2534 1340 2584 ruunt

317 2657 376 2719 per
387 2634 479 2715 tias,
492 2638 585 2720 pauci
604 2651 718 2702 ornatu
738 2638 883 2717 militati,
904 2640 1047 2726 plerique
1071 2639 1188 2703 circum
1201 2635 1341 2701 brachia

317 2762 402 2816 torta
421 2763 508 2818 veste
529 2764 560 2816 et
582 2753 695 2816 strictis
716 2751 930 2817 mucronibus.
979 2750 1047 2817 dux
1071 2752 1279 2818 semisomnos
1302 2772 1341 2815 ac

318 2884 420 2949 prope
440 2864 573 2929 intectus
596 2886 705 2929 errore
726 2864 866 2930 hostium
887 2878 1038 2931 servatur.
1086 2886 1223 2949 nemque
1243 2885 1340 2947 prae·

318 2976 432 3040 toriam
453 2998 566 3044 navem
591 2978 708 3044 vexillo
729 2978 900 3062 insignem,
928 2978 992 3046 illic
1013 2978 1124 3045 ducem
1143 2980 1222 3059 rati,
1253 2980 1341 3041 abri-

290 3105 293 3110 “
318 3089 421 3173 piunt.
463 3090 593 3156 Cerialis
614 3093 690 3156 alibi
711 3106 836 3157 noctem
864 3106 986 3175 egerat,
1016 3105 1052 3157 ut
1071 3092 1215 3177 plerique
1236 3090 1341 3156 credi·

319 3201 410 3280 dere,
433 3205 474 3267 ob
495 3217 640 3287 stuprum
659 3204 809 3270 Claudiae
831 3204 989 3285 Sacratae,
1009 3206 1149 3270 mulieris
1172 3205 1283 3285 ubiae,
1308 3218 1342 3269 et

318 3316 426 3399 vigiles
446 3316 597 3399 flagitium
617 3339 709 3384 suum
740 3319 827 3385 ducis
852 3318 1006 3385 dedecore
1034 3324 1241 3400 excusabant,
1268 3333 1341 3383 tan·

321 3452 416 3514 qnam
438 3431 516 3511 jussi
535 3432 628 3495 silere
648 3453 690 3495 ne
711 3432 851 3517 quietem
875 3436 943 3511 ejus
963 3435 1143 3499 turbarenta
1171 3434 1216 3497 ita
1239 3433 1342 3496 inter·

320 3548 415 3613 misso
443 3547 532 3630 signo
560 3559 592 3612 ot
618 3547 750 3613 uocibus
775 3570 810 3616 se
839 3571 966 3635 quoque
993 3551 1027 3615 in
1055 3571 1202 3614 somnum
1223 3552 1342 3632 lapsos.

320 3664 423 3726 Multa
449 3662 519 3726 luce
548 3663 665 3728 revecti
692 3666 799 3730 hostes
826 3665 957 3750 captivis
986 3667 1120 3732 navibus
1147 3665 1340 3750 praetoriam

319 3774 479 3839 triremem
501 3774 629 3841 flumine
649 3775 754 3861 Lupia
777 3775 897 3846 donum
918 3776 1056 3845 Veledae
1074 3792 1211 3845 traxere.

234 3904 305 3967 aaa
406 3889 538 3957 Ciuilem
565 3888 680 3974 cupido
709 3890 835 3955 incessit
856 3896 998 3956 navalem
1026 3892 1123 3957 aciem
1150 3892 1339 3959 ostentandi.

323 4006 456 4087 complet
485 4002 570 4087 quod
598 4004 766 4070 biremium
796 4028 940 4094 quaeque
965 4008 1098 4091 simplici
1126 4005 1236 4071 ordino
1269 4029 1342 4088 age-
